1989 2630
1026 101 1047 135 o

252 209 322 228 num
342 197 531 232 adscendere,
555 199 585 225 et
609 196 650 225 ibi
675 196 797 225 stamina
818 205 895 224 nere.
936 194 1083 224 Extensus
1104 194 1318 235 subdiaphanus
1339 199 1392 225 est.
1433 194 1466 224 ln
1487 195 1560 225 facie
1580 205 1682 225 cavum
1703 196 1822 235 byssit'e-

252 266 315 285 rum
336 257 484 294 spectante
509 253 589 282 sulco
613 253 817 291 longitudinali
842 252 938 281 medio
966 252 984 280 f.
1008 252 1034 280 5.
1056 256 1097 288 t.‚
1117 252 1203 291 paulo
1224 252 1297 281 infra
1318 254 1430 293 apicem
1451 253 1587 289 oriundo,
1613 256 1644 282 et
1663 253 1694 282 ir.
1719 263 1822 283 cavum

253 312 426 351 byssiferum
448 311 632 346 decurrente,
652 314 786 339 exaratus
807 313 860 340 est.
901 307 961 346 Qui
982 308 1077 338 sulcus
1096 312 1157 337 tam
1177 309 1336 348 profundus
1357 313 1401 339 est
1421 313 1452 339 et
1471 313 1643 345 excavatus,
1666 313 1699 339 ut
1719 312 1822 350 margi-

252 369 336 398 nibus
356 369 564 409 approximatis
585 368 712 397 canalem
732 378 832 396 verum
853 366 1025 402 constituat,
1049 369 1080 394 et
1105 366 1135 395 in
1160 367 1288 395 sectione
1313 370 1476 396 transversa
1503 367 1620 406 lagenae
1642 367 1718 396 collo
1739 367 1821 397 brevi

251 430 282 455 et
303 429 425 465 angusto
445 425 567 465 figuram
587 425 701 454 reserat.
742 424 873 464 Superne
899 433 998 452 versus
1024 424 1134 462 apicem
1159 424 1284 452 musculi
1310 423 1447 452 dilatatur
1471 427 1502 453 et
1526 424 1630 454 rimula
1657 428 1820 454 transversa

252 483 375 521 desinit,
400 486 434 511 ut
454 492 586 522 suprema
605 492 671 522 pars
692 481 716 510 T
735 491 854 510 romano
876 481 978 510 similis
1000 481 1045 509 sit.
1087 479 1240 520 Utrimque
1260 481 1355 510 taenia
1377 480 1440 509 alba
1460 491 1483 520 g
1502 482 1640 521 stipatur,
1664 491 1738 521 quae
1758 491 1820 521 par-

252 544 312 570 tem
333 541 510 580 superiorem
531 539 708 569 T-sormem
729 538 828 574 ambit,
849 542 878 567 et
899 548 999 567 versus
1020 548 1123 567 cavum
1145 537 1318 577 byssiferum
1338 539 1507 567 intensitate
1527 541 1558 567 et
1577 540 1753 568 extensitate
1774 539 1822 568 de-

252 598 355 627 crescit
381 597 531 637 (glandula
555 597 730 636 byssipara).
771 596 895 625 Taeniae
920 595 1114 635 parenchyma
1142 595 1230 624 molle
1256 596 1421 632 continent,
1447 595 1527 634 quod
1553 595 1604 624 sub
1631 596 1821 636 microscopio

251 656 348 684 acinos
369 655 509 684 rotundos
530 654 667 683 ostendit.
708 654 741 682 In
763 653 866 682 rimula
891 656 1053 682 transversa
1075 653 1172 692 mytili
1193 650 1286 682 edulis
1307 652 1327 682 f.
1348 652 1393 689 6.‚
1417 653 1498 692 cujus
1522 652 1670 682 musculus
1693 653 1821 692 linguae-

251 713 349 741 formis
370 712 439 741 huic
458 712 635 747 simillimus,
660 711 765 740 lamina
786 711 860 739 flava
881 710 1061 739 semilunaris
1087 710 1231 745 cernitur,
1254 711 1383 750 margine
1409 720 1540 739 convexo
1566 710 1677 749 apicem
1698 710 1820 739 musculi

250 773 390 809 spectans.
432 769 494 798 Sub
515 769 576 808 ejus
597 769 725 807 margine
747 778 873 797 concavo
895 767 1014 804 crificia,
1038 768 1067 796 ni
1089 767 1174 796 fallor
1193 777 1250 803 vn,
1270 768 1340 796 vitri
1361 767 1500 807 simplicis
1521 777 1576 807 ope
1595 768 1821 807 conspiciuntur,

250 827 353 856 mediis
374 826 466 855 tribus
487 826 656 866 majoribus,
680 836 752 865 quae
774 836 826 865 pro
848 825 982 854 ductibus
1004 825 1155 864 glandulae
1176 825 1347 854 excretoriis
1368 825 1470 854 habeo.
1510 824 1570 854 Hos
1591 828 1710 864 propter
1730 825 1821 853 minu-

250 886 320 913 tiem
341 887 371 913 et
391 883 467 913 telae
487 884 639 913 laxitatem
661 884 690 912 in
711 883 877 922 tichogonia
899 883 1025 922 reperire
1051 893 1109 911 non
1135 883 1233 922 potui,
1259 892 1352 921 neque
1379 883 1469 921 magis
1489 883 1519 911 iu
1540 883 1643 911 ceteris
1665 882 1821 917 molluscis,

250 951 373 980 quorum
394 941 512 980 byssum
534 941 707 974 describam,
735 941 802 979 qnia
827 940 887 968 tela
910 940 1034 968 musculi
1055 940 1085 968 in
1106 940 1210 979 spiritu
1230 939 1292 968 vini
1312 940 1468 969 admodum
1488 939 1669 968 contrahitur
1689 943 1719 968 et
1739 938 1821 968 indu-

248 1000 344 1028 rescit.
385 998 464 1027 Haec
482 1001 579 1028 tamen
601 998 660 1027 sola
682 998 835 1037 glandulae
850 997 959 1026 orificia
980 1007 1051 1027 esse.
1072 997 1124 1026 vix
1145 996 1328 1033 crediderim,
1350 1007 1472 1036 quorum
1493 997 1575 1036 plura
1594 997 1625 1026 iu
1645 996 1718 1026 sulci
1738 999 1820 1036 parte

249 1056 384 1085 inferiore
406 1066 468 1084 esse
489 1057 632 1095 suspicor,
656 1056 762 1094 quippe
784 1054 977 1094 parenchyma
998 1058 1057 1083 tam
1077 1054 1162 1093 longa
1183 1055 1231 1083 via
1252 1055 1282 1083 in
1303 1064 1406 1083 cavum
1427 1054 1599 1093 byssiserum
1619 1054 1722 1093 pergit.

327 1113 360 1142 In
380 1113 478 1142 medio
498 1123 586 1142 muse.
608 1116 781 1148 retractore,
807 1112 857 1141 ubi
879 1113 939 1151 ejus
961 1115 1056 1151 partes
1077 1112 1174 1141 variae
1195 1112 1358 1149 confluunt,
1383 1111 1436 1140 sub
1461 1111 1559 1141 radice
1583 1121 1674 1141 musc.
1694 1111 1820 1150 linguae·

249 1171 348 1200 formis
374 1180 477 1199 cavum
503 1174 548 1199 est
573 1170 591 1199 f.
614 1171 640 1199 5.
663 1180 695 1206 o,
721 1169 800 1208 byssi
827 1169 955 1198 radicem
977 1169 1054 1208 quod
1076 1169 1187 1208 excipit
1206 1169 1323 1207 (cavum
1344 1168 1538 1207 byssiferum).
1580 1168 1721 1197 Introitus
1740 1167 1821 1197 fibris

249 1227 437 1257 circularibus
458 1228 614 1267 angustior.
655 1227 771 1256 Fundus
798 1228 862 1256 cavi
889 1227 976 1255 sulcis
997 1226 1162 1266 profundis,
1188 1225 1345 1256 secundum
1366 1227 1496 1255 animalis
1522 1226 1735 1265 longitudinem
1760 1226 1820 1255 fere

249 1285 468 1315 decurrentibus
490 1286 530 1314 ita
551 1288 686 1314 exaratus
707 1287 760 1322 est,
782 1288 814 1313 ut
835 1294 899 1324 pars
920 1286 1015 1313 antica
1029 1284 1134 1320 media,
1156 1284 1186 1313 in
1208 1293 1264 1323 qua
1285 1283 1379 1312 sulcus
1400 1293 1489 1312 muse.
1510 1283 1726 1323 linguaeformis
1747 1283 1821 1312 desi-

248 1344 306 1380 nit,
332 1343 516 1382 integerrima
537 1342 730 1381 relinquatur,
758 1342 845 1371 sulcis
872 1345 968 1371 tamen
993 1351 1009 1371 a
1030 1342 1132 1370 dextra
1153 1344 1184 1370 et
1204 1342 1320 1370 sinistra
1339 1340 1474 1370 limitata.
1515 1340 1598 1369 Sulci
1618 1340 1748 1370 musculo
1769 1341 1821 1369 im-

248 1401 339 1440 pressi
359 1403 436 1435 sunt,
460 1400 625 1429 membrana
649 1403 747 1428 tenera
768 1400 878 1428 vestiti.

327 1457 436 1496 Byssus
458 1458 517 1496 ipsa
538 1460 671 1485 truncum
693 1456 789 1485 medio
811 1457 950 1492 continet,
972 1457 1021 1494 qui
1042 1465 1164 1495 superne
1181 1455 1230 1484 fila
1248 1456 1383 1493 dimittit,
1402 1456 1513 1485 inferne
1530 1455 1649 1493 (radice)
1663 1465 1733 1484 cavo
1755 1455 1820 1494 bys-

247 1515 348 1551 sifero,
370 1515 451 1553 cujus
471 1515 578 1543 formae
599 1513 768 1553 respondet,
793 1514 946 1552 excipitur.
987 1512 1124 1542 Lamellis
1145 1513 1224 1542 enim
1244 1513 1440 1542 crassiusculis
1461 1514 1660 1552 componitur,
1681 1522 1754 1551 quae
1775 1523 1820 1541 su-

247 1583 335 1612 perne
355 1573 502 1612 appositae
523 1573 587 1600 cavi
608 1572 761 1600 introitum
782 1574 928 1611 superant,
948 1574 978 1600 et
999 1572 1029 1600 in
1049 1574 1183 1600 truncum
1204 1571 1284 1610 byssi
1303 1570 1490 1599 adscendunt.
1531 1569 1677 1599 Lamellae
1699 1570 1819 1599 materia

249 1629 312 1658 alba
334 1629 474 1669 diaphana
495 1629 514 1659 f.
536 1629 562 1658 4.
584 1630 596 1658 i
621 1629 851 1665 constituuntur,
878 1638 951 1667 quae
977 1628 1146 1668 corpuscula
1171 1628 1276 1657 coloris
1303 1627 1478 1657 obscurioris
1503 1638 1522 1657 γ·
1547 1627 1680 1657 involvit.
1722 1627 1819 1656 Radix

249 1690 421 1723 antrorsum,
443 1687 491 1715 ubi
514 1697 578 1726 pars
593 1687 656 1716 cavi
678 1686 812 1725 byssil'eri
830 1697 845 1715 a
860 1686 946 1715 sulcis
961 1687 1082 1725 integra,
1104 1685 1291 1715 canaliculata
1305 1686 1367 1715 sive
1381 1688 1520 1715 excavata
1533 1688 1587 1722 est,
1608 1685 1675 1724 quia
1688 1685 1820 1714 lamellae

247 1744 352 1773 radicis
373 1754 389 1773 c
409 1744 496 1773 sulcis
516 1745 594 1772 recta
614 1744 800 1773 adscendunt.
841 1743 896 1772 Ubi
919 1747 1015 1772 autem
1037 1754 1107 1772 cavo
1129 1744 1217 1779 exiit,
1244 1743 1418 1772 canaliculus
1443 1744 1499 1773 iste
1524 1743 1644 1772 materia
1671 1743 1725 1771 alia
1752 1751 1818 1781 qua-

248 1802 314 1831 dam
334 1801 478 1840 expletur,
498 1804 587 1830 strata
608 1802 705 1830 tenuia
726 1801 867 1830 formante
888 1813 914 1837 c,
936 1811 1010 1840 quae
1032 1804 1133 1829 trunco
1155 1801 1272 1840 oblique
1293 1801 1424 1840 apposita
1445 1804 1521 1835 suut,
1542 1803 1575 1828 ut
1595 1800 1731 1835 angulum
1751 1809 1816 1828 eum

248 1860 297 1888 axi
316 1859 412 1888 trunci
438 1869 559 1898 superne
579 1859 720 1887 minorem
740 1859 880 1894 forment,
906 1859 1016 1887 inferne
1042 1859 1188 1898 majorem.
1230 1857 1297 1897 Qua
1323 1858 1450 1886 cavitate
1475 1857 1593 1896 expleta
1618 1860 1736 1886 truncus
1764 1856 1818 1885 for-

249 1926 325 1946 mam
345 1916 504 1956 pyramidis
524 1916 702 1956 adipiscitur,
722 1915 783 1944 basi
799 1916 978 1945 subcordata.
1006 1916 1093 1955 Apex
1114 1916 1219 1952 trunci,
1238 1916 1409 1955 praesertim
1430 1916 1460 1944 in
1481 1913 1684 1954 speciminibus
1705 1914 1817 1953 majori·

249 1974 312 2008 bus,
333 1984 431 2003 erosus
452 1977 482 2003 et
501 1984 681 2013 praemorsas
701 1977 753 2002 est.

325 2031 424 2060 Strata
444 2042 544 2060 versus
562 2031 689 2060 radicem
710 2031 903 2067 descendunt,
923 2030 964 2059 ibi
985 2030 1148 2067 albescunt,
1168 2031 1300 2059 tenuiora
1322 2029 1405 2066 fiunt,
1429 2033 1459 2058 et
1479 2030 1509 2058 in
1530 2028 1708 2058 lamellarum
1727 2032 1817 2058 mate-

249 2090 321 2118 riam
341 2089 435 2118 albam
455 2092 618 2125 transeunt;
639 2099 760 2128 superne
781 2088 893 2127 singula
914 2089 944 2117 in
963 2088 1046 2117 filum
1067 2091 1234 2117 excurrunt.
1275 2087 1370 2117 Filum
1390 2088 1490 2127 supine
1512 2086 1672 2115 detractum
1693 2089 1816 2115 stratum

250 2156 334 2175 suum
355 2156 451 2175 secum
465 2146 567 2182 aufert,
587 2146 668 2184 cujus
689 2156 753 2185 pars
774 2145 882 2182 infima,
903 2156 977 2185 quae
998 2145 1121 2175 lamellis
1142 2145 1321 2181 adhaeserat,
1341 2144 1484 2173 fimbriata
1497 2146 1551 2172 est.
1585 2142 1645 2171 Sub
1667 2143 1818 2172 microsco-

250 2204 299 2243 pio
319 2203 441 2232 formam
461 2203 565 2232 nullibi
585 2204 776 2242 interruptam
795 2213 811 2232 a
831 2203 881 2232 filo
903 2213 993 2242 nsque
1014 2204 1044 2232 in
1065 2202 1192 2232 fimbrias
1213 2203 1348 2232 continue
1366 2211 1485 2241 pergere
1503 2200 1626 2236 videbis,
1645 2210 1740 2239 neque
1760 2210 1813 2229 ma-

251 2262 341 2289 teriae
362 2260 555 2294 differentiam
575 2261 716 2297 invenies,
736 2260 767 2289 id
788 2260 866 2299 quod
887 2260 923 2290 de
945 2261 1023 2290 omni
1044 2260 1133 2300 bysso
1153 2260 1264 2289 dictum
1284 2269 1346 2289 esse
1359 2259 1435 2288 volo.
1470 2257 1569 2287 Sectio
1583 2261 1745 2287 transversa
1765 2267 1817 2296 per

252 2321 386 2346 truncum
405 2319 490 2347 strias
510 2317 620 2346 albidas
640 2318 758 2346 latiores
779 2318 917 2354 ostendit,
938 2328 1011 2357 quae
1032 2318 1123 2347 lineas
1143 2318 1247 2347 coloris
1266 2317 1439 2346 obscurioris
1452 2316 1606 2344 involvunt
1627 2315 1816 2352 (lamellarum

253 2375 395 2414 duplicem
417 2376 567 2404 materiam
588 2375 606 2404 f,
628 2375 655 2403 4.
678 2376 696 2404 i.
719 2376 759 2411 r),
780 2378 811 2404 et
824 2376 949 2414 spatium
970 2377 1064 2404 antice
1085 2375 1253 2414 relinquunt
1273 2374 1475 2412 (canaliculum
1495 2373 1603 2410 trunci)
1622 2372 1706 2401 lineis
1725 2374 1816 2401 traus-

252 2433 341 2461 versis
363 2433 486 2461 arcuatis
507 2433 624 2469 (stratis
649 2433 685 2470 c)
709 2433 867 2472 expletum.
908 2432 942 2462 ln
963 2434 1091 2462 sectione
1112 2432 1314 2472 longitudinali
1335 2442 1386 2471 per
1407 2435 1496 2460 strata
1517 2431 1611 2460 media
1631 2430 1702 2458 haec
1725 2428 1815 2459 lineas
