1989 2630
986 82 1032 117 12

224 184 304 225 quod
330 182 379 212 fila
399 183 429 210 et
448 182 544 219 partes
564 177 734 217 vaginarum
753 177 915 216 superiores
934 175 994 204 luci
1013 178 1044 204 et
1064 184 1155 214 aquae
1175 178 1369 215 exponuntur.
1408 173 1467 204 Eae
1487 175 1564 204 enim
1585 176 1714 206 colorem
1732 187 1793 207 mu-

225 246 287 271 tare
307 240 422 273 valent,
441 247 507 266 cum
527 235 578 264 fila
596 235 726 264 recentia
743 233 929 272 tiehogoniae
950 232 1014 262 alba
1035 232 1140 261 deinde
1159 233 1338 272 nigrescant,
1356 235 1390 261 ut
1410 242 1496 272 supra
1515 233 1612 263 retuli.

303 296 466 334 Utrumque
487 303 504 322 a
524 291 658 332 glandula
678 291 827 330 byssipara
848 291 1023 326 secernitur,
1043 298 1110 319 nam

265 354 300 392 1)
341 351 506 382 observatio
533 350 648 385 docuit,
676 348 725 377 fila
751 350 827 377 intra
854 347 1056 376 brevissimum
1081 347 1221 385 temporis
1247 347 1372 386 spatium
1397 346 1432 376 ab
1459 348 1575 377 animali
1600 348 1677 383 neri,
1707 348 1796 378 fluida

225 412 317 451 igitur
337 413 387 439 aut
410 409 531 449 plastica
550 407 647 436 fuisse.

266 468 301 505 Ω)
335 466 480 496 ‘Partibus
505 464 675 504 organisatis
700 462 872 501 quibusdam
896 461 945 491 fila
966 465 996 491 et
1016 462 1137 501 vaginae
1156 462 1246 491 forma
1267 461 1460 500 respondent,
1482 462 1556 491 sieut
1577 462 1685 492 formae
1705 464 1798 502 signa-

227 527 321 555 toriae
343 525 466 563 signum.
497 521 548 551 Sic
567 521 616 550 fila
637 521 733 549 omnia
753 520 876 549 sormam
896 519 968 548 sulci
988 520 1019 548 in
1039 529 1130 551 must:2
1149 518 1351 559 linguaeformi
1364 519 1545 547 strictissime
1560 520 1696 549 referunt.
1727 520 1798 550 Pars

229 583 350 612 dilatata
376 592 397 610 s.
423 579 585 615 orbiculus,
610 579 661 617 qui
685 577 852 617 corporibus
878 577 1007 606 externis
1028 576 1178 616 adfigitur,
1205 577 1284 616 parti
1304 575 1443 604 dilatatae
1462 575 1535 604 sulci
1560 576 1680 606 formam
1701 577 1797 607 debet.

228 639 294 670 Fila
315 639 413 677 mytili
433 636 661 675 subcylindrica,
681 635 869 664 transversim
887 644 993 674 rugosa
1012 634 1088 663 sicut
1106 634 1210 663 sulcus.
1246 632 1311 662 Fila
1332 632 1479 662 tridacnae
1499 633 1587 663 sulcis
1607 633 1799 674 longitudina-

229 697 306 727 libus
331 697 461 731 exarata3
494 694 589 722 sulcus
620 702 708 722 muse.
735 692 950 731 linguaeformis
975 692 1050 731 jugis
1081 690 1340 730 longitudinalibus
1371 690 1501 720 donatus.
1551 690 1608 720 Ubi
1637 692 1668 720 in
1697 701 1800 721 cavum

229 754 404 793 byssii'erum
426 751 544 786 defluit,
568 750 706 779 dilatatus
732 750 913 789 peninsulam
933 748 1112 778 v-formem
1137 748 1276 784 includit3
1300 747 1350 776 fila
1375 751 1442 777 ante
1467 748 1656 777 insertionem
1680 748 1801 778 dilatata

231 810 408 850 marginibus
434 809 536 838 crassis
562 811 676 848 partem
703 807 830 836 mediam
854 807 1054 836 tenuissimam
1080 805 1255 845 pellucidam
1279 805 1440 834 includunt.
1485 805 1562 834 Arca
1587 805 1668 835 sulco
1693 806 1746 835 illo
1771 807 1802 836 in

231 879 321 898 muse.
347 866 550 906 linguaesormi
576 868 669 901 caret,
696 874 784 904 quare
809 864 859 893 fila
883 875 942 894 non
967 867 1128 903 comparat,
1154 863 1204 891 sed
1230 866 1318 892 strata
1344 862 1490 902 pyramidi
1515 863 1653 902 imponit,
1679 873 1803 902 quornm

231 936 297 965 pars
318 925 458 964 superior,
480 922 647 962 corporibus
668 923 796 951 externis
817 921 920 957 affixa,
939 921 1011 958 filis,
1037 921 1165 956 inferior,
1184 919 1365 959 pyramidem
1386 920 1517 959 cingens,
1537 921 1649 959 vaginis
1670 922 1803 961 aequipa-

232 982 321 1012 randa
341 984 396 1011 est.
435 980 544 1016 Pinna,
565 989 699 1018 magnum
721 979 842 1016 animal,
867 979 997 1008 musculo
1023 978 1183 1017 gracillimo
1209 977 1297 1016 longo
1321 976 1371 1006 fila
1394 978 1562 1007 tenuissima
1582 977 1668 1017 longa
1687 978 1804 1014 format,

235 1050 309 1079 quae
334 1039 446 1069 inferne
471 1038 547 1067 sicut
572 1037 667 1066 sulcus
694 1037 725 1065 in
746 1039 869 1075 quatuor
893 1039 989 1076 partes
1015 1035 1176 1065 discedunt.
1221 1032 1303 1063 Idem
1329 1034 1365 1063 de
1389 1034 1445 1063 filis
1466 1035 1592 1074 pinnatis
1613 1036 1804 1075 meleagrinae

234 1101 354 1137 propter
379 1095 511 1124 animalis
538 1094 683 1123 defectum
709 1094 794 1123 doleo
820 1103 866 1123 me
892 1093 1013 1133 probare
1037 1103 1097 1122 non
1117 1093 1254 1132 potuisse.
1295 1091 1424 1131 Vaginae
1448 1102 1548 1121 versus
1569 1103 1657 1122 muse.
1678 1093 1804 1132 linguae-

235 1155 357 1183 sormem
378 1154 530 1182 crassiores
551 1154 633 1188 sunt,
660 1152 728 1190 quia
748 1151 823 1180 fonti
843 1152 1005 1191 propiores3
1031 1151 1072 1179 ita
1093 1160 1208 1189 quoque
1230 1159 1329 1178 versus
1353 1149 1441 1177 imam
1461 1149 1588 1178 radicem
1608 1151 1737 1180 crassitie
1759 1150 1806 1180 de-

237 1214 378 1241 crescunt.
420 1209 453 1239 In
475 1209 626 1249 generibus
647 1209 793 1248 plerisque
813 1208 974 1248 completae
995 1211 1070 1237 sunt.
1105 1207 1182 1236 Arca
1202 1210 1335 1235 truncum
1356 1209 1475 1246 propter
1494 1217 1627 1246 magnam
1647 1209 1806 1238 crassitiem

237 1268 367 1298 musculo
389 1267 497 1296 ambire
517 1267 636 1305 nequit,
656 1268 746 1294 strata
766 1265 855 1305 igilur
874 1266 986 1305 postice
1007 1274 1107 1294 manca
1127 1267 1203 1293 sunt.

276 1325 312 1363 3)
350 1325 434 1354 Situs
455 1324 606 1364 glandulae
627 1323 793 1362 byssiparae
818 1326 848 1352 et
874 1323 977 1352 ductus
1003 1322 1161 1352 excretorii
1186 1321 1222 1350 ad
1246 1321 1439 1358 functionem,
1464 1331 1552 1361 quam
1577 1321 1655 1359 dixi,
1679 1324 1806 1353 maxime

238 1383 359 1412 idoneus
384 1385 444 1418 est,
469 1391 536 1410 nam
563 1381 773 1410 mechanismus
794 1381 825 1409 in
844 1380 946 1409 nendis
971 1380 1028 1408 filis
1054 1379 1211 1408 secundum
1238 1378 1455 1408 observationes
1479 1380 1649 1418 praemissas
1674 1380 1724 1410 hic
1748 1385 1806 1412 est:

239 1440 345 1470 animal
370 1440 480 1478 apicem
506 1448 595 1467 muse.
621 1437 838 1477 linguaesormis
864 1448 930 1467 cum
955 1436 1075 1466 orificiis
1101 1436 1252 1476 glandulae
1273 1436 1439 1476 byssiparae
1460 1439 1563 1466 trunco
1583 1437 1665 1475 byssi
1683 1438 1808 1477 imponit

240 1502 270 1527 et
291 1497 401 1536 glutine
423 1496 534 1531 induit,
564 1495 642 1534 quod
669 1495 705 1524 ad
730 1496 817 1524 imam
838 1505 930 1534 usque
955 1494 1081 1524 radicem
1108 1494 1218 1523 defluit.
1269 1494 1361 1533 Apice
1388 1493 1502 1533 linguae
1528 1494 1646 1534 paulum
1671 1499 1807 1532 retracto,

240 1556 341 1594 gluten
367 1555 395 1582 in
420 1553 502 1581 filum
527 1553 708 1588 extenditur,
735 1556 765 1581 et
791 1553 862 1581 sulci
887 1556 968 1592 parte
993 1555 1096 1581 trunco
1122 1552 1254 1591 proxima
1279 1552 1433 1591 excipitur.
1479 1550 1659 1581 Extensione
1685 1553 1809 1583 musculi

240 1612 322 1641 filum
342 1611 545 1651 prolongatur,
570 1610 662 1639 donec
686 1609 798 1639 sulcum
822 1610 1004 1649 longitudine
1030 1612 1144 1648 aequet.
1184 1608 1250 1638 Jam
1273 1608 1354 1645 finis,
1380 1618 1396 1637 a
1422 1608 1494 1638 sulci
1515 1613 1596 1648 parte
1617 1609 1738 1639 dilatata
1759 1621 1809 1639 ex-

242 1673 355 1708 ceptus,
382 1668 417 1697 ad
438 1678 558 1707 corpora
579 1671 700 1696 externa
720 1667 906 1702 transfertur,
932 1670 961 1696 ct
982 1667 1107 1707 glutine,
1133 1677 1171 1696 ex
1196 1665 1314 1695 orificiis
1334 1666 1450 1705 linguae
1470 1667 1621 1706 impositae
1641 1667 1809 1697 immediate

241 1726 380 1755 influente
401 1725 437 1754 ad
458 1724 619 1754 orbiculum
640 1725 723 1754 illum
743 1728 872 1764 augetur.

322 1782 355 1812 lu
375 1783 489 1822 pectine
510 1783 605 1811 sulcus
626 1793 714 1811 musc.
736 1782 952 1822 linguaeformis
974 1783 1151 1821 interruptus
1172 1784 1227 1817 est,
1251 1790 1339 1819 quem
1358 1783 1455 1810 tamen
1476 1781 1581 1810 animal
1601 1785 1720 1822 propter
1740 1783 1810 1812 isth-

244 1851 324 1871 mum
347 1840 471 1869 musculi
491 1841 646 1868 restituere
668 1849 752 1879 posse
774 1840 901 1869 videtur.
943 1839 1109 1869 Verisimile
1130 1841 1189 1874 est,
1207 1838 1306 1878 gluten
1327 1837 1492 1877 byssinum,
1512 1839 1598 1867 simul
1618 1848 1652 1868 ac
1671 1849 1688 1868 e
1708 1839 1809 1869 fissura

244 1898 367 1927 musculi
388 1898 535 1936 superiore
555 1897 711 1936 processit,
738 1900 892 1935 antequam
912 1897 993 1926 sulco
1014 1896 1150 1925 inferiore
1171 1896 1348 1935 excipiatur,
1372 1895 1456 1924 labiis
1477 1895 1594 1926 fissurae
1615 1897 1712 1936 excipi
1732 1900 1762 1926 et
1782 1897 1811 1925 in

244 1956 366 1984 formam
386 1955 494 1994 redigi,
515 1955 652 1993 quoniam
672 1953 787 1983 easdem
807 1955 905 1991 strias,
927 1964 998 1993 quas
1018 1953 1119 1982 fissura
1140 1954 1285 1993 superior,
1307 1952 1444 1982 ostendit.
1479 1951 1578 1982 Filum
1598 1957 1696 1983 antem
1716 1954 1810 1993 appla-

244 2016 345 2042 natum
365 2015 420 2048 est,
440 2012 509 2050 quia
529 2012 624 2041 sulcus
645 2015 768 2050 uterque
788 2022 846 2040 non
867 2014 1023 2041 excavatus
1044 2011 1095 2040 sed
1116 2010 1250 2040 incisioni
1270 2010 1394 2050 simplici
1414 2010 1517 2040 similis
1537 2013 1590 2040 est.

323 2068 361 2098 11.
403 2068 546 2098 illator-ia
567 2069 683 2104 altera,
704 2079 788 2108 quae
809 2079 970 2107 nunquam
990 2069 1023 2098 in
1043 2069 1202 2106 byssinam
1222 2068 1352 2104 transit,
1374 2078 1390 2097 a
1404 2078 1475 2097 cavo
1491 2067 1631 2106 byssifero
1645 2069 1811 2098 secernitur.

288 2126 322 2163 1)
363 2125 429 2155 Jam
449 2135 465 2155 a
485 2127 575 2165 priori
596 2126 784 2166 physiologus
805 2126 958 2166 intelligit,
980 2136 1086 2155 cavum
1106 2126 1295 2164 byssiferum,
1321 2125 1399 2163 quod
1423 2125 1572 2154 materiam
1592 2125 1715 2155 alienam
1735 2127 1812 2156 exci-

246 2184 306 2222 pit,
331 2183 441 2222 aliquid
467 2193 629 2218 secernere,
655 2183 733 2222 quod
759 2183 838 2212 illam
859 2184 990 2212 involvat
1010 2187 1040 2213 et
1061 2184 1229 2222 conjungat,
1255 2192 1291 2211 ne
1316 2182 1412 2211 irritet
1438 2183 1558 2211 materia
1584 2182 1714 2221 byssina,
1738 2194 1812 2213 neve

248 2240 309 2269 sola
329 2240 523 2269 musculorum
544 2235 740 2270 contractione
761 2242 929 2270 retineatur.

288 2296 324 2334 2)
364 2296 418 2326 Est
443 2298 607 2336 conjunctio
633 2308 701 2327 vera
727 2299 803 2327 inter
828 2308 930 2328 cavum
955 2298 1128 2337 byssiferum
1153 2299 1182 2326 et
1208 2297 1340 2335 byssum,
1365 2305 1431 2325 nam
1452 2297 1476 2325 si
1496 2296 1680 2337 ticliogoniae
1701 2299 1814 2328 viventi

250 2355 353 2392 byssus
378 2354 529 2390 evellitur,
554 2358 665 2394 partem
686 2356 749 2384 cavi
770 2366 867 2385 seeum
888 2356 993 2392 aufert,
1019 2355 1070 2384 sed
1090 2357 1155 2394 post
1175 2357 1300 2383 mortem
1320 2354 1513 2383 maceratione
1534 2353 1670 2384 facillime
1691 2355 1815 2384 solvitur

252 2412 327 2440 sicut
347 2411 502 2450 epidermis
524 2416 553 2441 et
573 2423 693 2452 ungues.
