1989 2630
1006 98 1026 132 8

229 203 314 234 porro
335 210 356 224 a.
380 199 411 229 α,
432 193 510 221 salva
531 192 610 232 lege,
635 195 669 220 ut
689 195 791 221 cortex
811 192 841 220 in
863 192 953 220 latere
974 191 1113 221 anteriori
1133 192 1172 220 sit
1191 192 1287 221 latior.
1328 192 1374 222 lta
1394 192 1556 222 substantia
1577 193 1722 223 corticalis
1741 196 1803 235 pul·

230 251 404 280 cherrimum
425 249 644 279 ramificationis
665 249 834 289 adspectum
855 249 1004 278 mentitur.
1045 247 1106 277 Sub
1130 249 1255 287 quadam
1274 249 1347 279 lucis
1366 250 1540 280 refractione
1560 251 1653 280 omnis
1674 251 1802 283 substan-

230 310 271 337 tia
292 307 436 337 corticalis
457 310 487 336 et
513 306 563 335 fila
588 307 618 335 in
643 307 772 335 sectione
798 309 961 335 transversa
986 305 1071 335 oculo
1096 305 1175 335 nudo
1201 309 1233 335 et
1252 310 1362 336 armato
1383 307 1480 337 colore
1501 309 1677 347 ametystino
1697 310 1802 339 nitent.

308 365 382 394 Tota
401 365 505 404 byssus
525 364 621 393 mollis
642 367 687 393 est
707 367 738 393 ct
757 364 889 401 flaccida5
911 366 1014 393 cortex
1033 363 1130 393 colore
1150 363 1325 401 luteo-albo,
1348 364 1401 393 sub
1421 366 1613 405 microscopio
1633 367 1731 402 niveo,
1752 371 1803 397 aut

232 423 404 462 diaphanus;
424 421 586 451 substantia
607 420 712 450 fibrosa
732 422 815 451 flava.

309 479 337 509 3.
368 479 483 509 ,Μιιῖῖεἰ
503 479 667 510 vulsellati
686 478 767 508 Lam.

309 537 427 567 Animal
447 547 504 565 non
526 536 596 565 vidi.
637 535 735 566 Radix
756 535 836 574 byssi
853 536 997 575 profunde
1018 535 1170 575 bipartita,
1192 535 1349 566 lamellosa.
1392 536 1524 566 Truncus
1545 537 1695 578 elongatus
1715 541 1804 580 graci-

232 595 281 630 lis,
307 595 388 634 apice
407 594 549 630 reflexus,
574 595 605 623 in
625 594 774 633 superiore
794 593 910 622 demum
930 597 1012 633 parte
1032 592 1083 622 fila
1103 593 1261 623 dimittens.
1301 593 1362 623 Fila
1383 594 1487 623 coloris
1508 598 1576 623 sunt
1596 595 1714 626 obscure
1735 598 1804 626 viri·

233 652 287 688 dis,
307 651 369 681 basi
389 652 466 681 inter
485 661 516 680 sc
531 651 737 690 conglutinata.
769 649 925 686 Lamellae,
946 654 979 679 ut
999 651 1030 680 in
1050 650 1217 690 tichogonia
1231 652 1381 680 materiam
1398 651 1604 688 obscuriorem,
1624 653 1666 682 sic
1685 653 1715 683 in
1734 655 1805 683 mal-

232 710 278 738 leo
300 709 470 738 lucidiorem
491 708 652 737 includunt.
693 708 884 738 Adscendunt
905 709 935 737 in
954 711 1090 737 truncum
1110 711 1140 737 ct
1160 708 1202 737 ibi
1222 709 1434 738 semicirculum
1453 709 1578 738 formant
1599 710 1618 739 f.
1639 709 1658 739 8
1677 721 1706 740 r.
1747 711 1805 740 Ma·

233 768 305 796 teria
326 777 378 806 pcr
398 769 488 795 strata
510 767 679 795 tenuissima
700 766 842 806 disposita
862 769 994 795 centrum
1015 765 1128 805 explet,
1153 769 1184 794 et
1207 766 1400 806 peripheriam
1426 767 1553 796 involvit
1573 778 1600 796 c.
1642 767 1740 797 Strata
1760 778 1805 798 su·

233 834 320 863 perne
341 825 372 852 in
391 823 441 852 fila
461 827 621 852 excurrunt
642 824 661 852 f.
682 823 700 852 9
712 824 756 863 f,
781 823 830 852 scd
852 823 956 852 nullibi
982 833 1082 852 eorum
1108 824 1137 852 in
1163 825 1315 853 materiam
1338 823 1517 853 lamellarum
1538 825 1631 854 albam
1651 827 1806 855 transitum

234 881 394 910 observavi.
435 880 469 909 In
490 883 619 910 sectione
644 881 777 910 verticali
801 881 922 910 materia
947 882 1002 910 ista
1027 881 1154 910 taeniam
1180 880 1276 910 albam
1300 881 1389 910 refert
1409 892 1443 918 r,
1472 891 1556 921 saepe
1582 882 1759 912 destructam
1779 893 1805 920 s,

235 940 334 968 stratis
355 938 484 977 undique
504 938 646 967 viridibus
667 949 685 967 c
707 939 840 974 cinctam,
860 942 890 968 et
911 941 1002 967 strata
1022 938 1112 967 lineas
1131 938 1240 967 virides
1256 938 1447 974 (lamellarum
1465 938 1654 969 substantiam
1674 940 1806 978 alteram)

234 997 264 1025 in
289 996 363 1025 hanc
387 997 513 1025 taeniam
540 996 700 1025 dimittunt.
748 995 851 1035 Itaque
881 995 930 1025 fila
956 995 1035 1034 byssi
1061 1006 1152 1035 usque
1178 996 1209 1026 in
1235 995 1426 1025 substantiam
1450 996 1631 1027 lamellarum
1655 997 1806 1028 obscuram

235 1056 367 1093 pergunt.

313 1110 340 1140 4.
372 1110 479 1150 Mytili
497 1110 600 1140 edulis
620 1110 706 1141 Linn.

313 1168 426 1198 Cavum
446 1168 622 1208 byssiferum
642 1169 707 1198 loco
729 1169 851 1208 analogo
871 1170 901 1198 in
922 1179 1010 1198 muse.
1032 1172 1190 1198 retractare
1211 1170 1300 1198 situm
1320 1172 1373 1198 est.
1410 1168 1491 1198 Sulci
1512 1170 1647 1209 profundi
1667 1171 1807 1210 angustis-

235 1226 301 1255 simi
321 1226 542 1265 parenchymati
560 1227 636 1255 ssavo
658 1227 791 1266 impressi
811 1230 892 1263 sunt,
916 1227 994 1265 quod
1018 1229 1135 1266 propter
1160 1226 1306 1255 sulcorum
1332 1227 1486 1256 minutiem
1510 1227 1594 1266 plicis
1615 1227 1807 1265 membranae,

237 1293 338 1312 cavum
365 1283 549 1320 obducentis,
577 1285 677 1313 oritur.
724 1284 826 1313 Fibrae
850 1285 1040 1321 musculares,
1067 1283 1203 1313 radiatim
1228 1284 1288 1313 sere
1315 1284 1510 1321 discedentes,
1536 1285 1567 1313 in
1593 1285 1808 1324 speciminibus,

236 1341 340 1380 spiritu
360 1341 422 1370 vini
443 1341 586 1378 marcidis,
608 1342 642 1370 ab
663 1342 720 1371 hoc
740 1342 968 1381 parenchymatc
989 1342 1073 1371 facile
1094 1341 1254 1371 solvuntur.

314 1398 412 1427 Radix
432 1399 554 1427 lamellis
575 1398 774 1438 subparallelis
795 1400 926 1438 plurimis
947 1400 1144 1435 constituitur,
1165 1409 1240 1438 quae
1260 1401 1343 1428 sueto
1358 1409 1438 1428 more
1456 1402 1591 1433 truncum
1612 1402 1808 1438 constituunt3

237 1458 266 1484 in
287 1456 323 1484 iis
343 1459 441 1484 tamen
461 1459 579 1495 propter
599 1457 752 1485 minutiem
772 1456 946 1485 substantias
973 1457 1042 1485 duas
1069 1456 1232 1485 discernere
1254 1467 1313 1485 non
1337 1456 1428 1496 potui.
1469 1456 1598 1486 Truncus
1619 1457 1808 1496 subcyliudri-

237 1523 298 1548 cue,
318 1513 441 1552 gracilis,
463 1513 623 1553 elongatus,
648 1514 722 1543 sicut
743 1515 773 1543 in
794 1514 922 1543 tridacna
945 1514 1056 1553 vaginis
1076 1514 1106 1542 in
1127 1513 1175 1543 fila
1200 1513 1421 1543 excurrentibus
1442 1517 1579 1553 tanquam
1601 1516 1708 1544 cortice
1729 1515 1809 1546 obte-

237 1571 324 1609 gitur.
364 1570 468 1609 Itaque
489 1571 518 1599 in
539 1572 668 1600 sectione
689 1575 850 1601 transversa
878 1573 1018 1600 corticem
1039 1571 1261 1600 annuliformem
1281 1571 1300 1600 f.
1322 1571 1349 1600 7.
1371 1582 1404 1606 c,
1424 1571 1514 1600 lineas
1534 1572 1678 1601 flexuosas
1699 1573 1809 1610 (lamel-

236 1627 291 1665 las)
312 1628 477 1666 cingentem
498 1629 600 1657 cernis.
642 1628 741 1658 sectio
762 1630 858 1658 trunci
878 1629 1098 1668 longitudinalis
1118 1638 1170 1668 per
1190 1628 1320 1658 lamellas
1335 1632 1512 1658 transversas
1533 1630 1671 1666 ostendit,
1691 1631 1809 1669 vaginas

237 1686 267 1714 in
288 1684 418 1714 lamellas
438 1687 568 1715 transire.
610 1685 685 1715 Nam
706 1687 827 1726 vaginae
854 1690 883 1716 et
908 1686 1040 1715 lamellae
1065 1687 1155 1715 lineas
1181 1686 1241 1715 sere
1266 1686 1490 1725 longitudinales
1514 1687 1658 1723 referunt,
1685 1697 1758 1726 quae
1779 1689 1810 1717 in

236 1745 319 1781 parte
340 1744 481 1781 superiori
503 1753 518 1771 a
539 1744 703 1783 peripheria
728 1744 866 1773 oriundae
893 1743 1093 1773 descendendo
1119 1744 1168 1773 axi
1193 1744 1283 1772 totius
1304 1745 1399 1772 trunci
1419 1744 1510 1782 magis
1536 1745 1684 1783 magisque
1710 1755 1810 1785 appro-

238 1800 429 1838 pinquantur,
460 1803 492 1828 ut
522 1801 600 1829 solus
627 1801 706 1830 color
731 1801 856 1830 bruneus
881 1800 969 1830 finem
995 1802 1111 1830 corticis
1137 1801 1254 1830 indicet.
1301 1800 1468 1830 Secundum
1491 1801 1632 1830 linearum
1659 1802 1810 1832 decursum

238 1860 356 1886 truncus
377 1857 449 1886 findi
469 1861 575 1897 potest.
616 1857 692 1887 Nam
717 1859 742 1887 si
768 1860 901 1897 vaginam
927 1858 1055 1887 infimam
1081 1858 1130 1887 filo
1151 1861 1266 1898 arrepto
1287 1858 1429 1894 detrahis,
1456 1858 1492 1887 ad
1518 1860 1606 1888 imam
1626 1869 1717 1898 usque
1737 1860 1812 1889 radi-

240 1923 305 1943 cem
325 1914 458 1945 solvitur.
499 1915 610 1954 Vagina
632 1915 810 1945 detrahendo
832 1915 1009 1952 obvertitur,
1032 1926 1153 1955 superne
1174 1916 1359 1955 integerrima
1381 1919 1438 1952 cst,
1459 1916 1510 1945 ubi
1530 1916 1658 1946 lamellas
1679 1917 1810 1954 intravit,

238 1971 392 2001 fimbriata.
433 1972 466 2001 Si
487 1973 516 2001 iu
537 1974 650 2012 vaginis
670 1973 856 2015 detrahendis
876 1974 982 2013 pergis,
1002 1977 1121 2002 truncus
1141 1973 1251 2002 inferne
1266 1973 1422 2002 susirormis
1438 1973 1546 2002 evadit.
1586 1973 1647 2003 Fila
1667 1973 1811 2014 subcylin-

241 2028 334 2064 drica,
360 2029 421 2058 basi
442 2040 619 2069 compressa,
643 2041 765 2070 superne
785 2032 972 2060 transversim
992 2041 1112 2071 rugosa,
1137 2030 1267 2060 orbiculo
1288 2030 1416 2070 eleganti
1436 2030 1604 2070 corporibus
1624 2032 1753 2061 externis
1773 2032 1812 2060 af-

240 2085 309 2122 fixa,
329 2087 499 2126 plerumque
520 2088 672 2117 unifariam
694 2089 843 2128 disposita.
883 2089 964 2118 Basis
986 2098 1149 2128 compressa
1168 2087 1287 2126 80.000‚
1307 2098 1371 2128 pars
1386 2090 1535 2127 angustata
1556 2088 1629 2117 infra
1651 2088 1811 2118 orbiculum

241 2142 350 2172 50.000
370 2144 419 2173 lin.
441 2144 474 2174 P.
495 2145 563 2174 lata.

321 2201 348 2230 5.
379 2201 522 2232 Pectinis
541 2203 629 2232 varii
647 2202 728 2233 Lam.

322 2258 413 2288 Crura
434 2270 521 2289 musc.
543 2260 769 2300 linguaei'ormis,
791 2271 864 2300 quae
885 2263 915 2290 in
934 2261 1041 2300 mytilo
1063 2261 1141 2290 eduii
1162 2271 1178 2290 a
1193 2261 1284 2290 valvis
1300 2260 1420 2289 oriunda
1439 2269 1525 2299 super
1545 2269 1633 2288 muse.
1655 2263 1814 2290 retractore

245 2315 282 2344 ad
303 2315 431 2355 linguam
452 2318 683 2347 constituendam
704 2322 820 2354 coeunt,
839 2320 870 2348 in
890 2320 1005 2358 pectine
1022 2319 1136 2354 coalita,
1152 2328 1168 2347 a
1187 2318 1272 2347 valva
1292 2318 1394 2346 dextra
1413 2327 1503 2356 prope
1518 2316 1707 2347 adductorem
1720 2318 1815 2347 oriun-

244 2376 303 2408 tur,
323 2377 352 2403 et
374 2383 475 2403 cavum
497 2374 668 2414 byssiferum
690 2377 912 2416 amplectuntur.
952 2375 1024 2406 Inde
1044 2385 1132 2405 musc.
1152 2375 1369 2414 linguaesormis
1390 2378 1420 2404 et
1440 2384 1543 2404 cavum
1562 2373 1734 2413 byssiferum
1754 2375 1814 2404 situ
