1989 2630
961 101 981 111 n

968 112 977 135 Ι

192 197 252 227 fere
273 195 498 236 longitudinales
518 195 548 224 in
569 195 659 223 altcro
680 194 770 224 latere
790 195 885 224 trunci
905 194 1050 230 efficiunt,
1071 204 1144 234 quae
1164 204 1180 224 a
1200 196 1328 233 margine
1349 195 1487 225 oriundae
1507 206 1607 226 versus
1627 196 1754 227 medium

189 257 323 294 pergunt,
343 256 374 282 et
394 253 455 282 sine
476 252 536 281 ullo
557 252 720 281 discrimine
736 252 764 280 in
785 253 935 281 materiam
956 252 1135 281 lamellarum
1155 252 1248 281 albam
1269 256 1427 283 transeunt.
1467 253 1526 282 Sed
1545 264 1692 291 nunquam
1712 254 1755 284 ul.-

190 312 249 340 lum
271 312 302 340 in
322 319 441 350 corpora
461 309 639 338 lamellarum
660 308 778 338 obscura
799 310 952 338 transitum
967 308 1126 338 observavi.

268 368 351 397 Sicut
371 370 475 403 strata,
499 367 541 395 ita
561 366 609 395 tila
631 376 747 406 quoque
767 367 862 396 omnia
883 376 920 395 ex
941 367 1043 396 eodem
1064 367 1153 396 latere
1173 368 1282 403 trunci,
1309 377 1397 396 muse.
1419 368 1655 407 linguaesormem
1676 380 1752 409 spec-

190 428 281 460 tante,
301 423 468 464 procedunt.
510 424 596 463 Apici
617 425 751 462 propiora
770 427 801 452 et
821 424 952 452 tenuiora
973 427 1003 452 et
1023 423 1154 453 breviora
1175 427 1251 454 sunt.

267 480 331 511 Fila
353 481 483 510 animalis
504 481 595 509 adulti
609 480 726 516 22000,
745 481 865 520 junioris
881 480 986 510 14.000
1007 481 1055 510 lin.
1071 481 1159 510 Paris.
1175 491 1277 510 crassa.
1307 481 1417 511 Eorum
1433 492 1497 521 pars
1517 486 1657 519 extrema,
1678 494 1752 523 quae

189 537 355 578 corporibus
377 538 505 566 externis
526 537 704 572 adnectitur,
728 542 846 577 repente
868 537 988 566 dilatata
1009 538 1039 567 in
1060 538 1194 567 laminam
1217 538 1407 568 orbicularem
1431 539 1506 574 abit,
1531 540 1659 579 algarum
1684 542 1751 575 ritu,

187 605 261 635 quae
282 595 343 624 basi
365 595 485 624 dilatata
505 594 649 634 lapidibus
669 595 842 630 adhaerent,
867 598 899 623 ut
923 594 1087 634 superficies
1108 596 1290 635 adglutinans
1309 600 1456 636 augeatur.
1498 595 1604 626 Forma
1624 601 1691 626 sunt
1712 602 1752 627 te-

186 653 253 688 reti,
272 653 350 692 rugis
371 653 541 681 transversis
560 651 724 681 levissimis.
757 651 856 681 Strata
875 655 905 681 et
927 652 974 681 fila
996 652 1093 682 colore
1113 657 1181 682 sunt
1201 653 1507 693 nigrescenti-bruueo,
1527 654 1579 683 sub
1601 656 1753 684 microsco-

185 711 234 749 pio
256 710 346 739 fusco.
386 709 447 738 Fila
467 712 497 738 et
518 712 608 738 strata
628 713 759 738 recenter
778 713 875 749 parata
897 709 961 738 alba
983 713 1063 746 sunt,
1085 713 1183 750 postea
1204 711 1378 750 nigrescunt.

263 767 290 796 2.
323 766 507 796 Tridacnae
527 766 698 806 elongatae
717 766 796 796 Lam.

263 824 346 853 Nihil
367 825 397 852 in
417 823 588 853 elaboranda
609 824 860 853 dissertatiuncula
885 827 944 853 tam
970 824 1127 863 jucundum
1147 825 1219 853 mihi
1240 825 1310 861 suit,
1336 836 1422 864 quam
1449 826 1527 864 byssi
1548 827 1633 866 hujus
1654 827 1751 867 adspe-

184 885 257 911 ctus.
299 881 382 920 Quae
403 882 433 910 in
454 880 606 920 generibus
626 882 690 910 aliis
710 882 930 921 miscroscopico
951 881 1048 911 labore
1070 883 1250 918 inveneram,
1272 883 1344 911 haec
1365 884 1395 912 in
1417 883 1545 912 tridacna
1567 884 1651 913 oculo
1672 885 1750 914 nudo

183 949 246 969 sese
267 939 417 968 offerentia
438 939 577 977 optimam
597 940 820 979 perscrutationi
840 940 1063 978 microscopicae
1087 939 1174 968 fidem
1199 939 1382 969 addiderunt.

260 996 349 1026 masc.
376 995 590 1035 linguaeformis
621 1006 730 1025 crassus
755 999 785 1025 et
815 996 911 1025 brevis
936 1000 994 1032 est,
1024 997 1104 1025 sulco
1128 997 1332 1036 longitudinali
1357 997 1500 1037 profundo
1525 1003 1674 1035 exaratus,
1700 1000 1749 1038 qui

182 1054 249 1093 juga
269 1053 406 1083 nonnulla
432 1053 651 1092 longitudinalia
674 1054 812 1083 continet.
852 1053 957 1082 Sulcus
984 1053 1033 1082 ubi
1061 1064 1162 1083 cavum
1188 1053 1361 1093 byssiferum
1387 1055 1522 1092 intravit,
1549 1055 1685 1085 dilatatus
1704 1066 1751 1095 pe-

182 1110 324 1140 ninsulam
350 1110 533 1139 V-sormem
558 1110 695 1146 includit,
720 1114 750 1140 et
776 1111 812 1139 ad
838 1111 969 1140 dextram
996 1114 1026 1140 ct
1051 1112 1196 1140 sinistram
1222 1111 1354 1141 discedit.
1376 1128 1413 1133 —
1439 1111 1550 1141 cavum
1576 1112 1748 1151 byssifcrum

180 1178 308 1197 recessus
329 1167 400 1196 duos
421 1168 567 1203 continet,
587 1169 780 1207 prominentia
800 1168 894 1197 media
917 1168 1068 1207 disseptos,
1089 1169 1139 1208 qui
1159 1178 1289 1198 recessus
1309 1170 1435 1198 minores
1456 1170 1622 1207 ostendunt,
1643 1171 1748 1200 iterum

181 1226 320 1255 foramina
341 1234 425 1254 coeca
447 1225 601 1254 offerentes
621 1227 652 1253 et
672 1225 714 1253 sic
733 1235 827 1264 porro.
867 1224 965 1254 Etiam
990 1226 1019 1254 in
1045 1226 1238 1265 prominentia
1262 1226 1357 1256 media
1383 1226 1522 1256 foramina
1546 1227 1683 1256 nonnulla
1704 1238 1749 1257 oc-

180 1286 307 1312 currunt.

258 1339 354 1369 Radix
375 1339 455 1378 byssi
475 1339 494 1369 s.
511 1339 534 1370 1.
550 1350 577 1377 r,
597 1339 689 1369 forma
708 1349 779 1369 cavo
799 1339 941 1379 byssit'ero
961 1340 1092 1380 analoga,
1111 1340 1190 1370 fibris
1211 1342 1339 1370 minimis
1354 1343 1546 1381 componitur,
1567 1351 1640 1381 quac
1655 1342 1692 1371 ad
1710 1342 1750 1372 t'a·

181 1397 305 1427 sciculos
325 1401 356 1427 ct
375 1401 522 1436 postremo
543 1397 573 1426 in
594 1397 714 1426 dimidia
735 1397 792 1426 duo
813 1401 928 1435 cocunt,
948 1402 978 1427 et
998 1398 1043 1427 his
1063 1398 1193 1427 fasciculi
1214 1399 1346 1428 nonnulli
1360 1400 1486 1428 minores
1507 1400 1652 1438 interjecti
1673 1404 1748 1428 sunt.

180 1454 311 1484 Dimidia
331 1455 428 1494 juncta
448 1464 550 1483 cavum
571 1454 708 1491 evadunt,
728 1458 920 1494 truncumque
941 1456 1122 1484 constituunt
1142 1466 1161 1484 r
1181 1466 1217 1490 a,
1236 1456 1313 1485 mole
1335 1456 1563 1493 decrescentem,
1583 1467 1748 1492 recurvum,

179 1514 260 1552 apice
281 1523 303 1542 a
323 1512 399 1541 sicut.
418 1513 448 1540 in
468 1512 635 1551 tichogonia
657 1513 805 1542 detritum.

257 1569 387 1599 Truncus
407 1570 519 1608 vaginis
540 1580 602 1599 sese
623 1569 844 1609 suscipientibus
865 1571 984 1610 tegitur,
1005 1580 1126 1609 quarum
1148 1571 1268 1599 interior
1287 1571 1373 1610 paulo
1394 1571 1466 1600 infra
1488 1572 1645 1610 marginem
1667 1580 1748 1610 supe»

178 1628 263 1657 rioris
283 1627 405 1663 desinit,
430 1630 567 1666 tanquam
588 1627 757 1666 poculorum
778 1628 877 1662 series,
897 1637 1021 1666 quorum
1041 1629 1171 1667 superius
1192 1629 1322 1657 inferiori
1341 1629 1445 1667 cuique
1465 1629 1631 1668 impositum
1654 1632 1698 1657 est
1718 1639 1748 1657 v.

178 1684 321 1724 Margines
342 1684 510 1723 vaginarum
530 1685 692 1724 superiores
712 1684 797 1714 liberi
818 1686 848 1714 in
863 1685 935 1714 facie
949 1686 1103 1724 posteriori
1124 1687 1349 1725 conspiciuntur,
1369 1688 1399 1714 et
1420 1687 1544 1725 speciem
1565 1695 1747 1724 squamarum

178 1752 246 1781 prae
266 1752 297 1771 se
317 1742 422 1771 serunt.
464 1741 534 1771 Inde
555 1745 673 1771 truncus
694 1745 832 1782 tanquam
857 1743 965 1771 cortice
992 1741 1148 1781 obtegitur.
1190 1742 1320 1780 Vaginae
1346 1743 1436 1771 radici
1457 1743 1605 1782 proximae
1627 1752 1748 1782 superne

178 1802 273 1828 totum
294 1803 429 1828 truncum
449 1799 664 1839 amplectuntur
683 1810 719 1836 v,
742 1799 852 1829 inferne
873 1799 1026 1828 fasciculos
1047 1803 1076 1828 et
1096 1810 1196 1828 eorum
1218 1803 1313 1839 partes
1334 1801 1545 1829 constituentes
1565 1801 1686 1829 seorsim
1708 1801 1747 1828 in-

177 1856 301 1886 volvunt
322 1867 350 1892 r,
370 1857 445 1885 sicut
465 1858 576 1886 manica
597 1866 719 1896 superne
740 1859 835 1886 totum
856 1867 973 1896 carpum
994 1857 1126 1892 includit,
1148 1857 1259 1886 inferne
1279 1857 1435 1896 phalanges
1449 1857 1583 1896 singulas
1626 1857 1676 1886 His
1698 1854 1747 1896 igi‘

177 1916 227 1942 tur
247 1915 359 1953 ,vaginis
380 1913 468 1943 fibrae
489 1914 526 1943 ad
546 1914 711 1949 fasciculos,
735 1915 863 1944 fasciculi
888 1914 924 1943 ad
950 1917 1085 1943 truncum
1110 1914 1286 1954 colliguntur
1312 1918 1342 1943 et
1367 1916 1563 1943 continentur.
1604 1915 1747 1953 Margines

176 1971 344 2010 vaginarum
365 1972 526 2010 superiores
547 1972 577 2000 in
597 1971 702 2008 latere,
722 1981 810 2000 muse.
833 1971 1072 2011 linguaeformem
1091 1975 1249 2011 spectante,
1269 1973 1299 2000 in
1320 1972 1368 2000 fila
1390 1975 1544 2001 excurrunt
1563 1972 1603 2012 s,
1625 1981 1747 2010 quorum

175 2027 252 2057 basis
272 2028 391 2057 dilatata
412 2028 588 2067 marginibus
607 2030 772 2058 incrassatis
790 2039 822 2058 m
841 2032 954 2068 partem
977 2029 1102 2058 mediam
1129 2030 1327 2065 tenerrimam,
1354 2029 1541 2068 diaphanam,
1569 2028 1747 2058 V-formem

175 2084 307 2115 includit.
347 2085 421 2115 Tum
446 2085 495 2115 fila
520 2087 638 2126 propius
663 2087 700 2115 ad
724 2087 845 2115 formam
871 2086 1060 2125 cylindricam
1086 2086 1241 2123 accedunt,
1266 2087 1361 2115 sulcos
1386 2090 1482 2116 tamen
1505 2086 1666 2126 complures
1688 2086 1748 2114 lon-

175 2141 349 2181 gitudinales
364 2143 521 2173 ostendunt
542 2144 560 2173 f.
582 2143 610 2173 2.
644 2143 796 2173 Postremo
816 2145 897 2183 apice
918 2145 1077 2173 incrassato
1098 2144 1212 2184 corpori
1233 2147 1355 2173 externo
1370 2144 1535 2183 affiguntur.
1566 2143 1659 2172 Filum
1681 2153 1745 2172 cum

173 2201 237 2228 tota
258 2200 361 2239 vagina
381 2200 418 2229 ad
438 2201 525 2230 imam
544 2201 672 2231 radicem
693 2202 864 2231 decurrente
885 2201 963 2231 facili
982 2202 1100 2241 negotio
1122 2201 1236 2231 detrahi
1256 2205 1368 2240 potest,
1393 2202 1444 2231 sed
1465 2211 1612 2241 nunquam
1634 2200 1745 2239 aliquid

173 2258 310 2285 materiae
331 2256 452 2287 fibrosae
473 2258 609 2287 aufertur.

251 2312 350 2343 Sectio
379 2318 542 2345 transversa
567 2317 662 2345 trunci
687 2317 825 2346 corticem
850 2316 1072 2346 annuliformem
1095 2316 1114 2345 f.
1135 2315 1171 2353 3,
1190 2317 1228 2353 A,
1258 2317 1356 2346 stratis
1382 2316 1515 2356 plurimis
1541 2316 1743 2355 compositum·

173 2370 316 2407 ostendit,
336 2372 367 2400 in
386 2372 491 2409 latere,
511 2373 557 2401 cui
577 2372 626 2402 fila
646 2374 825 2411 inseruntur,
846 2373 1008 2403 dilatatum.
1050 2373 1161 2403 Cortex
1182 2384 1262 2404 areas
1283 2374 1444 2414 complures
1464 2374 1664 2413 amplectitur,
1685 2382 1744 2401 cor-

173 2426 231 2457 tice
251 2429 367 2467 proprio
387 2430 543 2459 instructas
563 2441 598 2467 a,
625 2440 699 2470 quae
720 2432 826 2460 iterum
851 2431 977 2469 areolas,
1003 2433 1112 2461 cortice
1133 2435 1256 2471 angusto
1277 2433 1396 2469 cinctas,
1423 2431 1576 2461 includunt
1597 2430 1622 2463 21
1643 2433 1674 2459 et
1701 2430 1743 2459 sic
