1989 2630
920 107 962 142 11

161 203 266 233 Sulcus
287 201 504 242 longitudinalis
524 203 606 229 sueto
628 210 706 245 more
728 201 757 228 in
779 210 881 229 cavum
901 200 1072 239 byssiferum
1095 201 1259 236 descendit,
1286 205 1314 230 et.
1341 212 1461 240 superne
1488 201 1539 230 sub
1566 201 1645 241 apice
1666 213 1725 230 mu-

160 260 234 290 sculi
253 260 356 289 rimula
377 262 540 288 transversa
560 257 667 287 finitur.
691 273 727 279 —
749 256 860 287 Cavum
881 257 1069 296 byssiserum,
1090 259 1154 287 loco
1174 259 1294 297 analogo
1315 259 1416 295 situm,
1439 259 1532 288 sulcos
1553 259 1614 287 sive
1636 269 1725 288 reces-

161 328 208 347 sus
229 320 353 357 quatuor
373 316 512 351 continet,
533 325 655 353 quorum
677 314 737 344 bini
758 315 787 343 in
809 325 890 344 crure
904 325 995 344 musc.
1015 316 1180 344 reu-actoris
1200 315 1356 344 admodum
1377 317 1463 344 crassi
1484 316 1542 345 fere
1563 316 1598 344 ad
1621 319 1723 345 testam

161 385 252 414 usque
274 373 460 403 descendunt.
501 371 605 401 Sulcus
626 382 714 401 muse.
735 372 949 411 linguaeformis
970 373 1000 401 in
1025 372 1105 400 aditu
1131 372 1167 401 ad
1193 382 1296 402 cavum
1317 372 1416 412 byssif.
1439 373 1589 410 dilatatur,
1614 377 1645 402 et
1665 376 1723 402 tres

161 431 325 472 peninsulas
345 429 494 459 includens
515 429 752 468 quadripartitur,
773 438 846 467 quae
866 432 961 468 partes
982 429 1011 457 in
1033 439 1159 458 recessus
1173 429 1329 468 byssiseros
1343 433 1476 470 pergunt.
1511 429 1543 459 In
1558 431 1723 470 specimine,

161 489 262 528 spiritu
284 488 346 516 vini
366 489 531 523 contracto,
555 485 650 515 sulcos
673 486 881 514 minutissimos
901 486 977 514 ultra
997 486 1133 525 pollicem
1154 487 1183 516 in
1203 496 1331 516 recessus
1352 489 1415 516 cavi
1436 487 1568 526 byssit'eri
1588 489 1722 527 persequi

159 546 253 585 potui.
292 543 446 583 Utrimque
466 544 537 572 stria
557 542 651 572 albida
673 543 827 582 stipantur,
848 553 921 582 quae
943 543 1038 572 forsan
1057 545 1236 572 continuatio
1257 544 1409 584 glandulae
1429 544 1592 584 byssiparae
1613 548 1666 573 est.

236 601 261 631 Ε
285 601 372 630 fundo
393 601 537 630 sulcorum
562 600 626 629 cavi
651 599 784 638 byssiferi
809 599 960 629 fasciculus
984 600 1099 630 filorum
1125 601 1398 638 minutissimorum,
1424 603 1539 641 paulum
1567 601 1723 631 undulatus

159 660 200 695 (in
221 659 377 698 specimine
397 659 426 686 in
448 659 552 697 spiritu
571 657 633 686 vini
653 657 813 695 asservato)
834 657 983 686 adscendit
1008 658 1194 695 (radiculae).
1235 657 1301 687 Fila
1321 659 1507 688 includuntur
1526 663 1556 688 et
1576 659 1723 688 continen-

158 720 206 746 tur
226 716 346 745 materia
366 714 524 755 pellueffla,
550 724 624 754 quae
649 714 679 743 in
705 714 794 743 fundo
817 714 976 751 sulcorum,
1000 714 1051 744 ubi
1070 714 1120 744 fila
1139 716 1272 744 tenuiora
1292 720 1373 753 sunt,
1399 716 1502 745 melius
1524 716 1720 755 distinguitur.

158 772 235 802 Sunt
255 772 396 812 diaphana
419 771 515 801 colore
536 772 626 806 nullo,
646 772 675 800 in
697 772 824 800 sectione
845 774 1007 800 transversa
1021 772 1179 801 circularia.
1211 771 1349 802 Crassitie
1363 774 1539 803 increscente
1560 774 1590 802 in
1610 773 1722 801 aditum

159 831 194 859 ad
216 840 319 859 cavum
339 829 512 869 byssiscrum
534 828 722 864 adscendunt,
742 829 900 857 flavescunt
921 832 951 858 et
972 830 1003 858 in
1022 831 1149 858 sectione
1171 833 1333 860 transversa
1354 831 1447 859 ovalia
1469 834 1613 870 apparent.
1646 829 1719 858 Tum

157 891 295 927 quaterna
316 889 431 922 coeunt,
451 888 482 915 et
502 887 531 914 in
551 885 633 914 filum
654 885 778 924 simplex
799 886 919 914 crassius
939 889 1073 925 pergunt,
1094 887 1173 925 quod
1194 897 1210 916 e
1230 890 1305 916 testa
1325 887 1468 927 procedit.
1500 887 1556 916 Ubi
1577 887 1720 916 radiculae

155 954 186 974 se
207 944 398 983 conjungunt,
423 946 486 972 tota
506 942 609 981 byssus
629 947 689 972 tam
709 942 856 982 implicata
877 946 907 971 et
927 946 1059 972 contorta
1079 946 1138 978 est,
1163 947 1196 972 ut
1220 944 1301 972 filum
1321 944 1466 983 singulum
1486 955 1536 984 per
1557 945 1721 983 congeriem

155 1002 290 1041 persequi
310 1011 367 1030 non
388 1001 541 1040 potuerim.
576 999 616 1029 Ut
636 1003 733 1029 tamen
754 1000 956 1039 intelligerem,
977 1003 1075 1029 utrum
1088 1001 1233 1030 radiculae
1255 1003 1283 1029 in
1304 1001 1385 1030 filum
1406 1006 1559 1030 externum
1579 1002 1721 1030 confluen-

155 1063 198 1088 tes
219 1069 257 1087 ex
277 1059 379 1088 codem
401 1058 481 1087 sulco
501 1057 673 1097 procedant,
697 1067 751 1086 nec
771 1067 817 1093 ne,
841 1057 923 1086 filum
942 1058 1075 1087 evulsum
1096 1068 1186 1097 aquae
1207 1059 1348 1095 immersi,
1370 1069 1427 1098 quo
1448 1060 1477 1087 in
1499 1060 1586 1087 situm
1608 1061 1719 1087 natura-

154 1117 212 1145 lem
232 1116 326 1145 rcdire
347 1118 453 1155 posset.
494 1113 537 1143 lbi
559 1114 703 1144 radiculae
724 1124 837 1154 semper
859 1115 1029 1155 divergunt,
1050 1115 1126 1144 uude
1147 1116 1279 1144 concludi
1300 1119 1405 1155 potest,
1427 1117 1455 1144 in
1477 1117 1605 1144 diversos
1626 1116 1719 1145 sulcos

155 1184 203 1203 eas
225 1173 382 1202 discedere.
403 1188 440 1193 -·
462 1171 526 1201 Fila
548 1175 678 1209 externa,
699 1172 795 1201 colore
815 1172 934 1211 pulchre
956 1176 1089 1202 castaneo
1110 1177 1141 1202 et
1161 1174 1255 1202 nitore
1275 1174 1390 1212 insigni,
1412 1177 1455 1202 sat
1476 1174 1560 1212 longa
1581 1177 1611 1202 et
1631 1174 1718 1212 graci—

153 1231 191 1260 lia
212 1233 294 1266 sunt,
319 1233 351 1258 ut
375 1230 462 1269 panni
488 1232 518 1258 et
545 1228 702 1268 digitabula
724 1239 761 1258 cx
782 1230 817 1258 iis
837 1232 990 1265 texantur,
1014 1230 1091 1259 unde
1117 1230 1220 1269 byssus
1244 1229 1316 1259 haec
1341 1231 1410 1259 satis
1436 1231 1573 1259 innotuit.
1613 1229 1718 1259 Forma

153 1291 220 1316 sunt
234 1297 395 1327 compressa
409 1286 549 1326 ancipite3
564 1296 662 1315 versus
677 1287 787 1325 apicem
801 1287 886 1326 paulo
901 1286 1040 1316 debiliora
1055 1287 1136 1316 fiunt.
1162 1288 1249 1326 Apcx
1264 1289 1435 1317 incrassatus
1450 1287 1578 1316 orbiculo
1592 1287 1717 1326 eleganti

154 1344 320 1384 corporibus
341 1344 469 1373 externis
490 1343 661 1373 adnectitur.
684 1359 721 1364 —
743 1342 803 1372 Fili
824 1345 966 1373 crassities
991 1345 1149 1373 secundum
1176 1345 1348 1374 diametrum
1373 1345 1510 1383 majorem
1538 1348 1581 1374 est
1601 1345 1653 1373 sub
1675 1355 1717 1373 or-

153 1403 218 1432 culo
241 1400 356 1437 18,000,
375 1401 472 1430 medio
495 1400 609 1436 14‚000‚
629 1400 678 1430 ubi
699 1400 844 1430 radiculae
865 1401 1017 1431 discedunt
1037 1401 1156 1439 29‚000;
1177 1402 1322 1431 radiculae
1335 1413 1424 1441 prope
1439 1402 1520 1431 filum
1542 1401 1656 1438 10,000‚
1678 1403 1717 1431 iu-

153 1460 232 1488 ferne
254 1458 393 1488 decrescit
414 1458 447 1486 ad
470 1457 558 1494 2000
577 1458 627 1487 lin.
648 1458 712 1487 Par.

584 1537 827 1581 Tichogouia
855 1537 1011 1582 byssum
1041 1550 1277 1583 comparans.

230 1599 407 1639 Tichogonia
433 1599 550 1638 byssum
576 1599 684 1628 factura
711 1610 797 1628 muse.
825 1600 1060 1639 liuguaeformem
1086 1602 1210 1640 primum
1236 1601 1402 1639 longissime
1432 1601 1568 1640 porrigit,
1598 1611 1716 1640 corpora

153 1658 247 1686 vicina
267 1660 348 1686 tactu
368 1656 531 1696 explorans.
572 1656 655 1694 Quae
681 1657 705 1685 si
726 1658 819 1686 minus
840 1658 1030 1693 conveniunt,
1057 1657 1134 1686 lente
1161 1661 1191 1686 et
1217 1659 1336 1687 moleste
1359 1658 1503 1698 procedit,
1529 1658 1601 1697 pede
1628 1658 1717 1687 debili

154 1725 225 1743 onus
251 1715 380 1753 corporis
405 1724 514 1753 gerens.
566 1713 675 1742 Locum
702 1714 836 1743 idoneum
862 1718 946 1743 nacta
971 1714 1099 1754 linguam
1125 1716 1199 1744 intra
1226 1718 1331 1744 testam
1357 1716 1485 1750 reducit,
1508 1718 1574 1754 post
1600 1715 1715 1754 aliquod

153 1776 266 1811 tempus
289 1772 368 1800 lente
394 1772 517 1806 exserit,
543 1772 641 1810 copori
667 1774 788 1800 externo
815 1772 953 1811 imponit,
979 1775 1009 1800 et
1036 1772 1163 1810 quietam
1185 1776 1234 1801 aut.
1254 1773 1313 1801 leni
1333 1772 1385 1801 sub
1406 1776 1487 1801 motu
1507 1773 1651 1812 paulisper
1671 1783 1716 1811 ap-

155 1829 263 1868 primit.
297 1827 408 1868 Lingua
428 1829 518 1868 magis
538 1830 686 1867 magisque
706 1829 841 1865 retracta,
862 1828 941 1857 filum
963 1828 1111 1867 byssinum
1132 1829 1227 1858 album
1249 1834 1376 1869 apparet,
1397 1833 1427 1859 et
1448 1840 1519 1869 opus
1540 1830 1569 1858 in
1590 1830 1654 1858 loco
1675 1831 1715 1858 vi-

152 1887 217 1915 cino
242 1886 435 1915 continuatur.
476 1884 540 1914 Hoc
560 1885 714 1924 aliquoties
740 1886 770 1914 in
796 1885 969 1924 tichogoniis
995 1886 1154 1925 junioribus
1180 1888 1345 1925 vespertino
1374 1890 1404 1916 et
1424 1890 1565 1916 nocturno
1586 1890 1714 1926 tempore

152 1943 319 1978 observavi3
351 1942 465 1971 adultae
496 1943 573 1972 cnim
605 1943 776 1981 pigerrimac
807 1946 881 1971 sunt.
933 1942 1030 1972 Simili
1060 1943 1146 1972 modo
1176 1954 1236 1973 rem
1263 1945 1292 1972 in
1317 1944 1422 1983 mytilo
1448 1944 1526 1972 eduli
1551 1944 1715 1973 observavit

151 1999 297 2029 Reaumur
316 2000 354 2036 ⁸),
375 2000 424 2039 qui
445 2001 474 2029 in
495 2010 529 2029 eo
550 1999 623 2028 bene
644 2009 758 2029 mecum
779 2001 929 2036 convenit,
954 2000 1031 2038 quod
1053 2000 1131 2029 filum
1152 2000 1300 2039 byssinum
1322 2002 1510 2030 novissimum
1532 2001 1620 2030 radici
1643 2011 1714 2030 sem-

151 2067 203 2096 per
222 2058 260 2086 sit
279 2057 443 2096 proximum
463 2057 524 2086 sive
545 2056 685 2086 infimum.

611 2149 667 2181 De
690 2150 794 2194 byssi
816 2156 951 2182 natura
975 2155 1090 2194 atque
1113 2150 1254 2182 indole.

229 2228 252 2258 l.
292 2229 364 2258 Fila
384 2234 415 2259 et
432 2234 545 2268 partes
566 2229 598 2258 in
618 2240 700 2268 quas
720 2235 901 2265 transeunt,
929 2231 1048 2268 vaginae
1075 2230 1122 2259 vel
1144 2233 1231 2258 strata
1255 2233 1282 2258 et
1307 2230 1467 2266 radiculae,
1493 2231 1621 2269 ejusdcm
1647 2236 1712 2260 suut

151 2287 270 2323 indolis,
295 2287 362 2326 quia
382 2287 602 2326 microscopium
622 2287 862 2326 perfectissimam
883 2287 1105 2316 continuitatem
1127 2287 1264 2315 ostendit.
1305 2287 1519 2326 Nonnunquam
1544 2288 1647 2316 eoloris
1668 2292 1712 2317 est

151 2344 313 2374 differentia
333 2343 384 2380 (cf.
405 2353 488 2383 supra
510 2343 713 2383 meleagrinam
733 2354 793 2373 nro.
815 2344 851 2382 9)
873 2354 945 2383 quae
966 2353 982 2373 a
1002 2344 1114 2373 diversa
1134 2345 1259 2383 partium
1281 2345 1424 2380 crassitie,
1449 2348 1479 2374 ct
1504 2355 1538 2374 eo
1560 2345 1713 2384 dependet.

202 2435 242 2469 ⁴)
260 2434 376 2462 Histoire
394 2434 427 2463 de
444 2434 602 2462 I'Academie
620 2435 709 2471 royale
728 2435 774 2463 des
793 2435 925 2464 Sciences.
960 2436 1051 2463 Annee
1073 2437 1146 2463 1711.
1184 2435 1256 2462 Paris
1278 2437 1352 2464 171-2.
1390 2437 1413 2464 4.
1450 2447 1475 2473 p.
1498 2438 1546 2463 115
1565 2446 1623 2474 sqq.
