1989 2630
971 87 985 120 1
995 87 1015 120 ‚3

245 181 282 219 3)
321 181 472 221 Organum
492 180 571 210 aliud
592 190 650 210 non
671 183 730 217 est,
751 180 831 219 quod
851 190 903 220 pro
925 182 1045 210 matrice
1066 181 1165 210 haberi
1187 184 1283 220 queat.

285 238 393 277 Byssus
413 239 503 278 igitur
523 237 723 277 physiologice
744 238 818 267 telae
839 248 1006 267 aranearum
1028 238 1240 278 aequiparanda
1266 241 1325 273 est,
1351 247 1366 267 a
1393 247 1447 276 qua
1475 238 1503 267 in
1530 247 1565 266 eo
1591 240 1704 266 tantum
1727 238 1778 267 dif-

207 297 277 329 scxt,
297 295 374 334 qnod
397 295 452 324 alia
473 295 592 324 materia
614 295 765 334 interjecta
787 296 900 334 corpori
923 295 1094 324 adnectitur.

763 352 985 384 Formarum
1016 352 1216 385 derivatio.

323 410 475 439 Sccretnm
507 410 569 438 cavi
601 408 735 448 byssiferi
767 410 874 448 duplici
904 411 1017 439 ratione
1047 410 1281 449 conjunctionem
1311 420 1376 439 cum
1407 411 1527 438 materia
1559 408 1673 448 byssina
1705 410 1777 439 inire

204 470 316 506 potest3
337 468 388 495 au't
408 476 473 496 eam
494 467 634 503 involvit,
656 470 706 495 aut
727 467 758 496 ea
781 466 949 495 involvitur.
991 467 1024 496 In
1045 467 1211 506 tichogonia
1232 477 1296 506 pars
1318 467 1497 496 lamellarum
1519 466 1653 503 obscura,
1679 468 1707 495 in
1729 468 1779 496 tri-

205 524 295 553 dacna
319 523 423 559 fibrae,
450 523 563 553 lamella
590 523 653 552 alba
680 523 867 563 pyramidalis
895 525 921 552 in
949 534 1013 553 arca
1039 525 1159 553 materia
1188 524 1302 563 byssina
1329 524 1496 553 involvitur.
1546 524 1579 552 ln
1605 524 1780 563 meleagrina

205 583 319 616 contra,
339 581 425 620 pinna
447 584 502 610 etc.
524 582 644 610 materia
666 582 720 609 ista
743 580 860 619 byssum
882 581 1014 610 includit.
1051 580 1129 610 llaec
1150 582 1312 610 differentia
1333 582 1516 621 potissimum
1539 581 1574 610 dc
1595 581 1684 610 son-ma
1705 581 1779 610 sulci

203 648 292 667 muse.
314 637 530 677 linguaeformis
552 638 710 677 dependet,
731 648 818 677 quam
839 639 868 667 in
889 648 961 667 cavo
983 638 1125 677 byssil'ero
1146 638 1325 678 adipiscitur.

285 693 307 724 l.
349 694 375 724 ls
401 696 479 724 enim
505 696 534 724 in
561 695 651 725 classe
676 696 768 735 prima
794 694 874 734 byssi
899 695 1186 735 (cortice-donatae)
1217 696 1355 724 dilatatur
1375 699 1406 724 et
1430 695 1610 735 deliquescit.
1653 694 1778 724 Materia

204 752 320 792 b5ssina
342 753 464 781 innuens
485 753 609 791 spatium
632 753 708 781 intcr
728 756 861 781 truncum
884 756 914 781 et
935 754 1058 792 parietes
1079 754 1142 782 cavi
1165 752 1299 791 byssifcri
1321 762 1478 792 occupans,
1504 754 1566 782 sive
1588 752 1717 782 chcmica
1738 756 1778 781 at-

203 811 346 838 tractione
367 811 429 839 sive
449 810 615 849 sphinctere
636 811 700 838 cavi
722 810 902 845 detruditur,
925 813 955 839 et
974 810 1079 839 radicis
1101 813 1197 850 partes
1216 809 1343 849 singulas
1363 810 1485 850 (quippe
1510 810 1597 839 sulcis
1620 810 1778 846 distentas)

203 866 370 902 involvens,
390 867 420 896 in
441 869 563 896 stratum
584 870 670 896 tenue
692 867 870 897 extenditur.

282 922 325 952 Ita
346 924 445 953 stratis
465 925 549 953 novis
570 923 774 954 accedentibus
795 928 825 953 et
845 925 1006 953 secretione
1027 925 1090 953 cavi
1113 924 1246 964 byssiferi
1268 927 1367 954 aucta.
1393 927 1513 953 truncus
1541 924 1621 962 byssi
1645 925 1779 953 increscit

203 984 231 1010 et
253 981 408 1020 profertur.
444 981 583 1020 Singulae
603 981 709 1011 radicis
729 985 826 1021 partes
847 982 877 1011 in
898 981 980 1010 aditu
1001 981 1036 1010 ad
1059 991 1162 1011 cavum
1183 981 1348 1022 spliinctere
1369 982 1598 1021 comprimuntur
1618 984 1649 1010 et
1670 982 1778 1010 cortice

202 1039 339 1076 imposito
366 1038 559 1067 continentur.
602 1038 672 1068 Inde
698 1048 763 1078 pars
789 1039 958 1078 vaginarum
983 1038 1117 1072 inferior,
1144 1049 1218 1078 qnae
1244 1042 1339 1079 partes
1365 1039 1470 1068 radicis
1495 1037 1622 1077 singulas
1644 1038 1780 1073 involvit,

202 1095 374 1132 includitur,
406 1099 437 1124 et
461 1097 579 1125 corticis
606 1099 703 1135 partes
728 1096 857 1125 internas
883 1096 1045 1125 constituit.
1098 1096 1162 1125 Hoc
1187 1096 1380 1136 pulcherrime
1406 1097 1435 1125 in
1461 1097 1589 1125 sectione
1615 1098 1778 1124 transversa

201 1152 350 1182 tridacuae
371 1152 390 1182 f.
411 1152 440 1182 3.
461 1156 589 1192 apparet.
629 1152 780 1192 Ejusmodi
802 1154 1012 1182 incrementum
1032 1153 1078 1182 his
1099 1152 1238 1192 probatur
1258 1154 1365 1183 causis:

242 1210 277 1245 1)
317 1209 387 1238 Pars
412 1211 544 1249 superior
568 1210 664 1239 trunci
689 1210 800 1249 byssini
827 1210 958 1239 animalis
983 1211 1113 1250 majori5‚
1139 1210 1259 1250 expleto
1285 1210 1403 1251 defectu
1425 1211 1455 1239 in
1477 1209 1539 1248 ejus
1559 1210 1656 1249 apice,
1682 1213 1778 1239 totum

319 1269 454 1296 truncum
475 1267 640 1306 speciminis
661 1267 782 1306 junioris
802 1270 907 1307 aequat
928 1267 1030 1297 eadem
1050 1268 1163 1297 ratione
1183 1277 1217 1296 ac
1237 1267 1373 1297 cochleae
1394 1267 1661 1307 gasteropodorum.

240 1323 275 1359 2)
317 1323 443 1353 Eaedem
469 1327 580 1364 partes,
606 1325 736 1354 sectione
760 1327 923 1354 transversa
949 1335 1000 1364 per
1024 1328 1159 1354 truncum
1185 1325 1275 1360 facta,
1301 1326 1330 1353 in
1356 1324 1452 1354 radice
1478 1327 1509 1354 et
1529 1325 1559 1354 in
1580 1324 1675 1353 trunci
1695 1327 1778 1364 parte

318 1381 466 1420 superiore
487 1382 718 1421 conspiciuntur,
739 1381 839 1411 addita
859 1383 977 1411 corticis
997 1385 1088 1422 parte.

240 1438 276 1472 3)
315 1437 482 1467 Secundum
504 1438 737 1468 observationem
754 1438 910 1468 Reaumnr-
927 1439 946 1467 ii
969 1440 999 1468 in
1019 1442 1093 1478 myt.
1114 1439 1194 1468 eduli
1214 1442 1245 1468 et
1265 1449 1358 1468 meam
1380 1440 1409 1468 in
1430 1438 1597 1478 tichogonia
1619 1438 1667 1467 fila
1682 1448 1777 1468 recen-

318 1498 364 1525 ter
383 1499 483 1535 parata
503 1506 617 1536 semper
637 1497 666 1525 in
688 1497 746 1526 imo
768 1499 870 1526 trunco
891 1497 1065 1526 inseruntur.
1107 1496 1166 1526 Sed
1191 1506 1257 1526 cnm
1282 1507 1341 1526 non
1366 1497 1460 1525 minus
1486 1496 1516 1525 in
1541 1496 1670 1535 partibus
1696 1506 1778 1535 supe-

319 1553 443 1582 rioribus
469 1553 518 1582 fila
544 1553 693 1583 videamus
714 1564 792 1588 esse,
817 1564 909 1593 eaque
936 1554 1062 1590 minora;
1087 1553 1139 1583 has
1160 1553 1317 1593 aliquando
1337 1557 1434 1593 partes
1455 1552 1536 1582 basin
1558 1554 1652 1582 trunci
1674 1554 1778 1582 consti·

319 1611 409 1639 tuisse
435 1611 643 1640 concludimus.
684 1610 729 1640 Ex
755 1611 816 1640 sola
840 1611 896 1640 hac
917 1611 1120 1641 observatione
1140 1610 1302 1648 Reaumur,
1327 1612 1375 1640 cui
1395 1614 1540 1639 structura
1562 1610 1641 1650 byssi
1661 1620 1777 1650 prorsus

319 1668 467 1708 incognita
487 1671 564 1704 erat,
583 1670 718 1697 truncum
739 1668 865 1708 pilorum
884 1667 972 1698 modo
992 1678 1174 1708 procrescere
1194 1669 1356 1708 suspicatus
1377 1671 1448 1697 erat.

240 1726 273 1759 4)
315 1723 461 1754 Animalia
489 1726 550 1763 ipsa
576 1724 694 1764 byssum
719 1726 841 1765 religare
868 1729 1024 1765 nequeunt.
1075 1725 1150 1755 Nam
1182 1726 1310 1765 saepius,
1342 1725 1390 1754 nbi
1421 1735 1494 1764 aqua
1526 1726 1659 1760 secessit,
1691 1724 1778 1764 bysso

318 1781 405 1811 affixa
431 1783 580 1811 exsiccant
609 1786 697 1822 atque
722 1786 853 1823 pereunt.
909 1783 983 1812 Cum
1013 1785 1112 1812 antem
1137 1783 1185 1812 fila
1210 1783 1324 1823 juniora
1354 1784 1414 1812 sint
1439 1783 1587 1818 breviora,
1614 1785 1778 1821 testamque

318 1840 425 1868 arctius
451 1840 565 1879 corpori
592 1843 714 1869 externo
740 1840 855 1880 affigant
864 1850 871 1878 3
901 1840 1007 1870 animal
1034 1841 1213 1870 incremento
1238 1844 1355 1870 auctum
1381 1843 1482 1870 contra
1510 1850 1630 1879 corpora
1656 1843 1778 1869 externa

319 1900 471 1936 cogeretur
491 1900 521 1926 et
541 1897 590 1926 fila
610 1901 827 1937 rumperentur,
848 1898 903 1927 nisi
924 1901 1043 1927 truncus
1063 1899 1244 1927 incresceret.

277 1953 407 1983 Truncus
428 1954 588 1994 pyramidis
608 1954 730 1984 formam
751 1965 865 1994 semper
885 1955 981 1985 induit
1001 1965 1075 1995 quae
1095 1958 1229 1995 respectu
1250 1954 1414 1984 altitudinis
1434 1957 1484 1983 aut
1500 1954 1559 1983 basi
1574 1955 1775 1993 angustissima

198 2010 235 2039 ad
255 2010 377 2040 sormam
398 2011 589 2050 cylindricam
610 2012 722 2041 accedit
744 2013 827 2051 (myt.
850 2013 950 2050 edul.),
970 2016 1020 2041 aut
1041 2012 1103 2042 basi
1124 2013 1181 2042 lata
1203 2012 1368 2041 evidentior
1388 2015 1506 2051 apparet
1520 2011 1665 2050 (tichog.).
1704 2010 1779 2040 Nam

198 2077 302 2097 cavum
328 2067 503 2107 byssifernm
528 2070 678 2106 increscit,
705 2072 736 2098 et
761 2073 896 2099 truncum
920 2071 1046 2110 primum
1072 2073 1205 2106 tenuem,
1235 2072 1298 2099 tum
1323 2069 1491 2098 crassiorem
1517 2069 1632 2098 format.
1679 2067 1776 2097 Etiam

197 2124 290 2154 forma
310 2125 470 2165 pyramidis
491 2126 625 2156 radicalis
647 2128 676 2156 in
697 2137 762 2156 arca
783 2127 850 2156 inde
872 2127 1029 2157 derivanda
1050 2131 1104 2157 est.
1148 2127 1216 2166 Quo
1237 2128 1327 2166 igitur
1346 2130 1465 2156 truncus
1485 2126 1607 2155 celerius
1629 2127 1777 2157 increscit.

197 2191 233 2211 eo
253 2183 372 2221 propior
392 2183 501 2213 somnae
522 2184 700 2223 cylindricae
721 2185 786 2214 erit.
817 2185 904 2225 Apex
924 2188 1077 2225 propterea
1098 2184 1262 2214 destructus
1283 2194 1346 2213 esse
1373 2184 1463 2220 solet,
1489 2184 1559 2223 quia
1580 2184 1776 2212 vetustissima

197 2240 293 2268 trunci
314 2249 379 2279 pars
400 2244 452 2270 est.
477 2257 513 2263 —
534 2240 710 2281 Plerumque
731 2245 850 2271 truncus
871 2252 1009 2271 recurvus
1030 2245 1089 2278 est,
1115 2243 1183 2282 quia
1203 2242 1359 2271 filamentis
1379 2242 1474 2270 antico
1494 2240 1590 2270 affixis
1611 2250 1676 2281 pars
1697 2243 1776 2269 ante«

197 2297 257 2325 rior
276 2297 454 2327 extenditur.
495 2297 605 2329 Eadem
631 2309 670 2328 ex
695 2309 779 2328 cansa
805 2309 880 2339 apex
905 2300 1067 2339 pyramidis
1093 2300 1124 2329 in
1149 2309 1215 2329 arca
1235 2309 1374 2329 recurvus
1394 2302 1453 2335 est,
1480 2298 1625 2337 faciesque
1647 2298 1775 2327 anterior

197 2362 342 2391 convexa5
363 2358 452 2384 strata
472 2356 558 2393 enim,
580 2357 686 2387 animal
707 2366 782 2396 quae
803 2357 995 2396 suspendunt,
1016 2358 1045 2386 in
1066 2357 1138 2386 facie
1159 2367 1290 2387 convexa
1311 2358 1485 2386 inseruntur.

276 2410 314 2440 ll.
355 2411 388 2441 ln
410 2412 500 2442 classe
521 2413 613 2443 altera
633 2413 714 2453 byssi
734 2414 830 2443 sulcus
851 2424 939 2443 muse.
962 2415 1188 2454 linguaeformis,
1209 2414 1259 2444 ubi
1280 2424 1383 2444 cavum
1398 2413 1498 2454 byssif.
1519 2413 1651 2448 intravit,
1670 2413 1700 2442 in
1720 2412 1775 2441 eul-
