1989 2630
994 110 1043 145 10

234 210 403 250 corporibus
425 208 522 242 variis,
544 206 648 245 quibus
669 204 775 234 animal
794 204 942 240 adhaeret,
962 203 1137 242 adfiguntur,
1158 214 1283 242 quorum
1295 203 1411 233 lacunas
1426 204 1556 244 explent,
1575 203 1807 244 protuberantias

237 271 301 299 sinu
321 269 397 297 facto
418 265 557 295 ambiunt.
600 263 688 293 Color
707 262 830 291 laminae
850 261 983 290 radicalis
1004 260 1190 300 (pyramidis)
1211 260 1291 290 albus
1310 265 1363 298 est,
1384 264 1540 291 stratorum
1555 271 1807 301 corneo—cyaneus,

236 324 412 363 marginibus
433 322 596 358 obscurior,
621 320 674 349 sub
700 319 892 358 microscopio
917 319 948 348 in
973 319 1080 347 ssavum
1100 318 1251 347 transiens.
1292 317 1325 347 lu
1346 320 1474 348 sectione
1495 322 1659 348 transversa
1679 319 1806 349 colorem

237 393 320 422 saepe
341 380 466 410 viridem
491 378 656 408 ostendunt.

691 473 725 503 B.
765 473 898 512 Byssus
918 473 1055 501 cortice
1076 471 1224 511 byssino
1245 471 1353 501 nullo.

316 554 333 563 κ

321 570 343 582 ι.
374 552 484 581 Limac
504 559 695 590 squamosae
719 548 798 577 Lam.

314 609 425 649 Byssus
445 609 517 638 hacc
537 608 659 647 pectinis
680 605 837 642 simillima,
857 604 907 634 sed
928 604 976 634 fila
998 604 1156 643 cylindrica
1176 605 1207 634 in
1227 605 1345 644 vaginas
1358 614 1416 633 non
1430 607 1598 641 excurrunt,
1618 614 1712 644 neque
1727 609 1804 635 trun·

238 678 303 698 cum
325 667 548 705 amplectuntur,
575 665 624 703 qui
645 664 735 703 igitur
755 664 862 692 cortice
883 665 970 692 caret.

316 724 344 754 8.
375 725 486 753 Limae
505 722 655 763 glacialis
681 720 760 750 Lam.
940 758 944 763 .

317 780 351 811 ln
371 781 488 811 animali
514 781 661 809 exsiccato
686 787 827 817 perpauca
853 787 1026 816 cognoscere
1051 778 1142 817 potui.
1182 776 1276 806 Musc.
1301 776 1518 816 linguaeformis
1544 776 1624 806 sulco
1649 777 1807 806 instructus

239 839 370 869 cruribus
391 838 503 867 duobus
522 847 597 877 pone
618 836 807 865 adductorem
827 835 920 864 valvis
940 836 1086 864 inseritur.
1127 833 1220 864 Musc.
1240 834 1408 864 retractoris
1434 844 1550 874 quoque
1577 843 1660 863 crura
1685 833 1744 863 duo
1763 844 1807 863 sn-

240 898 352 937 pcriora
376 895 537 925 observavi.

318 953 427 993 Byssus
448 953 536 992 priori
557 951 669 988 similis,
690 950 741 980 sed
761 950 811 979 fila
831 949 942 990 singula
963 949 1086 978 lamellis
1107 953 1167 978 tam
1187 949 1262 978 male
1282 949 1477 984 continentur,
1499 952 1533 978 ut
1553 949 1652 979 evulsa
1673 948 1808 978 discesse-

239 1013 306 1041 rint.
348 1010 446 1040 Filum
466 1010 527 1039 basi
549 1009 701 1038 dilatatum
721 1017 871 1048 processus
891 1006 1069 1045 (radiculas)
1094 1006 1225 1036 bifariam
1245 1006 1384 1042 dimittit,
1408 1007 1459 1046 qui
1484 1007 1560 1036 sicut
1579 1005 1709 1036 fimbriae
1730 1007 1808 1046 vagi-

240 1079 293 1098 nae
315 1070 344 1098 in
365 1068 469 1107 mytilo
491 1065 570 1096 eduli
590 1067 619 1094 in
640 1065 768 1094 lamellas
788 1064 893 1094 radicis
919 1064 1085 1101 discedunt,
1110 1064 1270 1094 directione
1295 1064 1412 1103 paulum
1436 1063 1573 1093 inclinata
1594 1073 1697 1092 cavum
1717 1062 1808 1103 byssi·

240 1128 332 1155 ferum
352 1127 503 1154 intrantes.
543 1123 577 1152 In
598 1124 727 1152 sectione
747 1126 910 1151 transversa
934 1132 986 1161 per
1011 1132 1114 1151 cavum
1139 1121 1314 1161 byssiferum
1338 1131 1459 1161 corpora
1483 1120 1670 1150 crassiuscula
1690 1130 1809 1151 cernun-

240 1188 288 1212 tur
308 1182 441 1221 (filorum
461 1182 622 1217 sectiones)
643 1191 659 1210 a
679 1180 784 1220 quibus
808 1180 882 1209 sulci
906 1181 969 1209 cavi
994 1179 1130 1218 byssii'eri
1154 1179 1219 1219 plus
1244 1178 1293 1208 vcl
1313 1180 1408 1208 minus
1428 1178 1612 1217 divergentes
1634 1178 1809 1214 discurrunt,

192 1237 201 1240 ³
240 1244 271 1270 et
291 1250 392 1270 eorum
411 1239 553 1268 radiculas
573 1239 732 1278 excipiunt.

318 1297 347 1327 9.
377 1296 598 1336 Meleagrinae
618 1295 890 1336 margaritiferae
909 1293 992 1325 Lam.

318 1355 352 1384 In
366 1354 482 1384 animali
502 1355 650 1383 exsiccato
671 1353 713 1382 nil
725 1353 782 1382 nisi
795 1355 969 1382 structuram
982 1352 1178 1381 musculorum
1191 1351 1316 1380 similem
1336 1360 1369 1380 ac
1383 1351 1412 1380 in
1425 1350 1516 1391 priori
1530 1359 1702 1390 cognoscere
1715 1351 1808 1389 potui.

319 1412 417 1442 Radix
436 1411 586 1440 lamellosa
606 1410 680 1446 alba,
701 1410 824 1439 lamellis
844 1411 874 1439 in
895 1414 1030 1439 truncum
1050 1408 1302 1445 adscendentibus,
1322 1418 1422 1438 versus
1442 1408 1527 1443 latus,
1547 1408 1594 1437 cui
1614 1407 1664 1436 fila
1682 1407 1809 1436 inserun-

242 1474 297 1505 tur.
318 1468 568 1508 convergentibus.

320 1526 385 1556 Fila
405 1526 509 1556 viridia
530 1525 640 1555 inferne
665 1525 809 1554 radiculas
832 1525 851 1554 s.
875 1524 918 1554 13.
947 1535 965 1554 c
991 1524 1122 1553 bifariam
1148 1523 1301 1563 dispositas
1327 1522 1494 1560 dimittunt,
1520 1525 1551 1552 et
1575 1525 1722 1562 postremo
1747 1523 1809 1562 ipsa

242 1585 419 1615 dividuntur.
462 1584 528 1622 Quo
549 1584 639 1623 magis
661 1583 742 1612 filum
762 1583 856 1622 ipsum
877 1586 907 1611 et
928 1582 1072 1611 radiculae
1093 1584 1289 1617 attenuantur,
1310 1591 1345 1610 eo
1359 1580 1480 1610 dilutior
1494 1580 1527 1609 fit
1547 1580 1627 1609 color
1645 1580 1759 1616 viridis,
1779 1583 1810 1609 et

241 1642 359 1671 taudem
377 1643 408 1670 in
430 1641 527 1670 album
549 1641 724 1680 diaphanum
748 1641 868 1676 transit,
893 1643 925 1668 ut
950 1639 1032 1668 filum
1056 1642 1152 1668 totum
1178 1638 1280 1668 cadem
1304 1639 1418 1668 ratione
1442 1641 1473 1668 et
1498 1648 1537 1668 ex
1562 1637 1664 1667 eadem
1688 1638 1810 1666 materia

242 1700 405 1729 consectum
430 1709 492 1727 esse
517 1697 638 1727 dubium
663 1708 720 1727 non
745 1698 935 1736 relinquatur.
981 1695 1047 1726 Fila
1072 1697 1113 1726 ita
1139 1697 1270 1736 apposita
1295 1699 1376 1731 sunt,
1403 1698 1437 1725 ut
1461 1699 1556 1735 partes
1582 1694 1718 1734 analogae
1743 1703 1808 1723 con-

243 1760 347 1796 gruant
371 1760 401 1785 ct
427 1756 619 1785 radicularum
644 1756 732 1784 series
753 1765 769 1783 a
790 1755 911 1784 lamellis
932 1755 1108 1793 excipiatur,
1135 1754 1176 1783 ita
1197 1757 1309 1790 tamen,
1334 1756 1368 1782 ut
1393 1752 1474 1782 filum
1500 1752 1624 1792 quodvis
1649 1751 1809 1781 radiculam

241 1814 384 1854 singulam
409 1814 438 1842 in
463 1813 608 1842 lamellam
633 1822 778 1851 quamque
805 1813 912 1841 mittat.
954 1811 1046 1851 Igitur
1071 1812 1102 1840 in
1125 1810 1254 1840 sectione
1277 1813 1441 1841 transversa
1465 1810 1484 1839 s.
1513 1810 1549 1839 12
1575 1808 1705 1839 lamellas
1729 1807 1808 1837 albas

243 1872 335 1901 cernis
355 1882 383 1907 r,
404 1870 573 1910 corpuscula
593 1879 755 1909 compressa
776 1870 954 1909 excipientes
975 1879 994 1898 c
1017 1868 1222 1906 (radicularum
1246 1868 1412 1906 sectiones),
1432 1868 1544 1908 postice
1564 1876 1684 1906 corpora
1704 1865 1808 1895 viridia

243 1929 381 1969 crassas
396 1931 552 1957 cernuntur
572 1926 638 1965 (fila
657 1927 746 1966 ipsa).
787 1926 932 1956 Lamellae
953 1927 1077 1966 primum
1096 1926 1241 1966 regulares
1262 1935 1381 1966 corpora
1401 1925 1595 1954 minutissima
1614 1923 1699 1953 facile
1719 1922 1808 1952 inclu-

243 1987 325 2022 dunt,
345 1986 455 2025 postice
476 1984 643 2024 corporibus
664 1984 819 2023 majoribus
839 1983 1003 2013 turbantur.
1037 1982 1081 2012 lta
1100 1983 1149 2013 fila
1163 1984 1258 2012 omnia
1278 1983 1398 2012 materia
1413 1982 1478 2012 alba
1492 1982 1635 2022 ‹liaphana
1655 1981 1685 2010 in
1705 1983 1808 2009 trunco

243 2045 435 2073 continentur.

323 2100 367 2129 10.
399 2099 549 2129 Animulis
570 2100 671 2140 ignoti
691 2099 859 2139 (pernae‘l).

321 2155 431 2196 Byssus
451 2157 522 2186 haec
543 2158 618 2187 inter
638 2157 828 2196 meleagrinae
849 2160 879 2186 et
898 2157 1002 2196 pinnae
1023 2156 1195 2186 intermedia
1210 2158 1264 2185 est.
1304 2153 1370 2185 Fila
1384 2154 1489 2184 viridia
1509 2153 1597 2182 simili
1616 2152 1704 2182 modo
1724 2161 1758 2181 ac
1777 2152 1809 2181 in

244 2214 417 2254 meleagrina
438 2214 467 2243 in
487 2214 628 2243 radiculas
649 2214 832 2250 dividuntur,
853 2223 927 2253 quae
946 2217 1044 2244 tamen
1065 2212 1295 2253 subcylindricac
1315 2215 1390 2242 sunt.
1430 2210 1556 2241 Materia
1577 2210 1650 2245 alba,
1670 2209 1730 2239 fere
1750 2207 1808 2248 pel-

244 2271 354 2307 lucida,
374 2281 447 2310 quae
468 2271 516 2300 fila
537 2281 621 2310 aegre
643 2273 786 2308 continet,
812 2282 867 2301 non
894 2272 923 2301 in
943 2271 1123 2301 lamellarum
1143 2271 1264 2300 sormam
1284 2272 1382 2299 coacta
1403 2272 1456 2305 est,
1477 2268 1527 2298 sed
1548 2271 1662 2297 tantum
1682 2267 1807 2296 intersti-

245 2331 285 2358 tia
305 2330 381 2358 inter
401 2328 543 2357 radiculas
563 2332 593 2358 et
613 2328 660 2358 fila
681 2330 742 2369 ipsa
762 2329 873 2369 explet.

323 2386 369 2415 11.
400 2385 524 2415 Pinnae
544 2385 659 2415 nobilis
679 2385 754 2415 Poli.

323 2442 466 2472 Musculus
488 2443 702 2483 linguaeformis
722 2454 775 2483 pro
795 2443 994 2483 magnitudine
1008 2443 1138 2473 animalis
1159 2441 1263 2472 debilis
1283 2444 1314 2471 et
1327 2441 1442 2481 gracilis
1460 2443 1514 2477 est,
1535 2440 1586 2470 sed
1605 2439 1675 2469 satis
1695 2438 1806 2476 longus.
