1989 2630
956 113 978 148 9

184 211 254 237 sunt
273 207 407 246 obliquo,
427 210 461 236 ut
480 207 624 236 musculus
646 206 707 242 hic,
727 206 829 236 valvae
850 207 983 236 sinistrae
1005 217 1174 245 conversus,
1194 208 1343 247 superficie
1364 209 1474 239 sulcum
1494 210 1661 239 continente
1682 211 1750 240 dex-

185 269 261 294 tram
280 267 401 304 spectet.
440 263 551 303 Byssus
571 273 609 292 ex
630 263 757 293 auricula
778 265 885 303 majore
906 265 1041 303 elongata
1060 265 1132 293 exit.

262 321 297 351 In
317 331 405 351 muse.
428 321 629 360 linguaeformi
650 320 745 350 sulcus
765 324 810 350 est
830 322 1003 360 profundus,
1028 321 1124 350 limbis
1149 322 1339 361 simplicibus,
1368 326 1504 361 tanquam
1525 324 1660 363 scalpello
1681 325 1751 354 inei-

184 389 242 415 sus,
263 379 314 419 qui
333 388 350 407 e
371 388 441 407 cavo
461 377 603 416 byssil'ero
624 377 785 414 adscendit,
806 382 836 407 et
850 378 901 407 ubi
916 378 1065 408 dimidiam
1079 379 1201 408 musculi
1214 379 1424 419 longitudinem
1437 382 1594 419 superavit,
1613 381 1672 411 fine
1684 383 1750 412 sim-

184 437 342 475 plicissimo
363 435 478 464 desinit.
520 433 563 464 Ibi
585 435 730 464 musculus
751 439 912 464 coarctatus
933 439 992 472 est,
1018 438 1048 464 et
1068 436 1174 465 iterum
1194 437 1309 465 inflatus
1330 438 1359 465 in
1382 436 1530 476 globulum
1551 438 1749 478 appendicula-

184 503 247 522 rem
267 492 402 522 excurrit.
446 491 473 520 Is
494 491 595 521 fissura
618 492 706 521 simili
731 492 934 531 longitudinali
960 492 1095 531 perbrevi
1119 493 1271 530 inciditur,
1298 504 1370 533 quae
1397 494 1531 524 deorsum
1555 499 1699 525 coarctata
1720 497 1750 525 in

185 549 377 579 canaliculum
397 549 476 578 abire
496 549 623 578 videtur.
654 548 750 578 Limbi
763 549 880 578 fissurae
895 550 972 578 striis
987 549 1244 589 longitudinalibus
1264 552 1427 580 tenerrimis
1448 552 1497 580 sed
1518 551 1591 581 bene
1606 554 1749 592 expressis

184 606 291 646 sculpti
315 609 390 635 sunt.
417 622 454 627 —-
480 605 592 635 Cavum
616 606 789 645 byssiferum
815 606 909 635 sulcos
935 609 1071 645 angustos
1097 610 1127 636 et
1150 607 1308 646 profundos
1333 610 1477 645 continet,
1507 613 1537 638 et
1562 609 1648 648 longe
1674 611 1750 639 inter

184 673 266 692 crura
287 673 375 692 muse.
397 663 611 702 linguaeformis
632 663 788 692 descendit.

263 720 360 750 Radix
381 720 459 759 byssi
479 720 601 749 lamellis
621 721 784 749 tenerrimis
805 720 987 759 parallelibus
1001 720 1141 750 subrectis
1156 722 1352 758 constituitur,
1372 732 1444 761 quae
1459 723 1582 752 eundem
1601 724 1632 753 iu
1645 727 1748 754 trunco

185 788 299 807 cursum
319 780 443 806 servant.
484 777 613 806 Truncus
634 777 728 806 brevis
748 778 935 816 pyramidalis
956 779 1067 817 vaginis
1087 778 1161 807 laxis
1177 779 1378 815 circumdatur,
1400 790 1472 818 quae
1487 784 1547 809 tam
1561 781 1643 810 facile
1663 792 1749 820 quam

184 835 214 864 in
235 835 364 864 tridacna
384 834 485 873 supine
506 834 619 863 detrahi
639 837 774 873 possunt,
803 838 833 863 et
857 835 932 863 sicut
957 836 986 863 in
1005 838 1077 873 myt.
1104 835 1183 864 eduli
1203 837 1232 864 in
1253 836 1441 865 substantiam
1461 837 1639 867 Iamellosam
1658 841 1748 868 trans-

185 895 263 922 eunt.
306 890 381 927 Fila,
402 892 431 920 in
453 901 526 930 quae
546 895 713 927 excurrunt,
733 892 911 931 complanata
932 895 1008 928 sunt,
1029 892 1137 929 tenuia,
1157 892 1314 921 secundum
1339 893 1551 932 longitudinem
1571 896 1682 933 striata,
1703 906 1746 925 su-

184 959 272 988 perne
293 949 373 988 apice
395 948 518 977 dilatato
539 948 635 977 affixa.
675 948 764 978 Color
784 949 963 978 lamellarum
984 948 1065 978 albus
1086 952 1140 986 est,
1164 951 1279 979 corticis
1299 950 1415 979 sordide
1436 951 1538 981 luteus.

754 1007 780 1036 b.
815 1007 917 1045 Byssus
936 1008 1073 1035 filameutis
1091 1008 1177 1036 nullis.

263 1061 289 1092 6.
322 1062 423 1091 Areae
444 1062 601 1091 barbatae
619 1061 704 1092 Linu.

262 1118 350 1148 Musc,
373 1119 587 1158 linguaeformis
608 1129 782 1158 quamquam
801 1120 875 1149 sicut
896 1130 946 1159 pes
967 1120 1222 1160 gastcropodorum
1242 1121 1338 1150 medio
1359 1121 1517 1151 secuudum
1536 1122 1748 1162 longitudinem

185 1176 372 1216 complicatus
393 1180 447 1211 est,
466 1180 562 1206 tamen
577 1176 688 1205 sulcum
702 1177 784 1205 illum
798 1177 982 1216 profundum,
1002 1178 1032 1206 in
1047 1177 1197 1216 generibus
1211 1178 1355 1217 prioribus
1370 1179 1555 1218 descriptum,
1576 1190 1634 1209 non
1655 1184 1748 1209 osten-

184 1233 236 1262 dit.
269 1249 305 1254 -
338 1232 449 1262 Cavum
474 1233 645 1272 byssiferum
671 1233 753 1262 aditu
778 1237 838 1262 tam
863 1234 959 1273 amplo
983 1237 1078 1273 patet,
1103 1238 1136 1263 ut
1162 1236 1226 1264 cavi
1252 1236 1302 1264 vix
1327 1223 1432 1265 nomen
1457 1241 1609 1266 mereatur.
1651 1237 1747 1266 Medio

183 1290 279 1319 discus
299 1294 344 1319 est
364 1300 508 1326 carnosus,
529 1301 544 1319 a
565 1290 703 1320 lateribus
724 1301 913 1330 compressus,
934 1301 1048 1331 anceps,
1069 1302 1167 1321 versus
1187 1293 1381 1331 peripheriam
1403 1293 1531 1331 declivis,
1551 1304 1566 1323 a
1588 1304 1645 1333 quo
1665 1295 1746 1331 sulci,

183 1357 308 1386 quorum
327 1348 418 1377 forma
439 1358 455 1377 e
474 1348 580 1377 radicis
601 1348 793 1388 descriptione
815 1349 1010 1388 depromatur,
1030 1349 1089 1378 fere
1109 1349 1244 1378 radiatim
1264 1354 1430 1380 excurrunt.

260 1404 372 1444 Byssus
392 1405 464 1434 haec
484 1409 617 1434 truncum
639 1415 763 1434 crassum
784 1406 939 1444 ancipitem
960 1407 1113 1435 constituit
1133 1406 1241 1445 absque
1261 1407 1415 1436 filamentis
1436 1408 1513 1437 ullis.
1542 1408 1665 1448 Apicem
1686 1419 1747 1438 ver-

183 1472 230 1492 sus
251 1462 327 1491 mole
349 1463 497 1497 increscit,
518 1462 607 1499 basis,
629 1472 702 1501 quae
722 1462 847 1491 radicem
870 1463 971 1500 refert,
991 1463 1096 1492 lamina
1117 1464 1271 1492 tenerrima
1293 1464 1354 1493 alba
1376 1466 1576 1502 constituitur,
1598 1476 1671 1504 quae
1692 1467 1747 1495 zic-

182 1519 325 1548 zact'orme
346 1519 517 1558 complicata
538 1521 613 1548 circa
634 1519 733 1548 baseos
754 1520 946 1559 peripheriam
967 1522 1043 1560 repit
1063 1521 1081 1550 f.
1099 1520 1142 1550 10.
1168 1521 1200 1549 ll
1222 1532 1248 1550 r.
1290 1521 1386 1551 Plieae
1401 1522 1461 1551 basi
1481 1523 1635 1552 rotundata
1655 1533 1672 1552 a
1691 1524 1745 1552 sul-

183 1577 223 1606 cis
244 1577 309 1606 cavi
329 1576 463 1615 byssiferi
484 1577 677 1616 excipiuntur.
717 1576 884 1616 Peripheria
909 1577 1040 1607 lamellae
1065 1578 1142 1607 illius
1168 1578 1316 1615 radicalis,
1340 1590 1397 1618 quo
1419 1580 1505 1608 altius
1525 1580 1555 1608 in
1576 1584 1678 1609 trunco
1698 1580 1746 1609 ad-

182 1634 311 1670 scendit,
331 1644 367 1662 eo
387 1635 477 1672 magis
498 1638 667 1673 angustatur
686 1644 722 1670 a,
742 1638 775 1662 ut
795 1635 953 1673 pyramidis
973 1635 1080 1664 reserat
1099 1634 1235 1673 figuram,
1258 1635 1318 1664 basi
1338 1647 1422 1675 supra
1443 1637 1586 1676 descripta
1607 1640 1637 1666 et
1656 1639 1746 1677 parie-

182 1691 260 1720 tibus
280 1691 468 1720 ziczacsorme
488 1691 676 1731 complicatis.
717 1691 779 1720 Una
800 1702 864 1720 cum
885 1692 1047 1731 peripheria
1067 1693 1236 1731 magnitudo
1254 1693 1394 1732 plicarum
1409 1694 1558 1723 decrescit.
1589 1695 1674 1734 Apex
1695 1705 1745 1734 py-

182 1748 301 1777 ramidis
321 1759 342 1777 a
363 1748 518 1777 reclinatus
538 1752 593 1784 est,
616 1752 648 1777 ut
669 1749 743 1777 latus
764 1750 891 1778 anterius
912 1759 1074 1778 convexum
1095 1751 1142 1786 sit,
1162 1751 1305 1789 posterius
1325 1760 1492 1781 concavum.

260 1805 392 1844 Pyramis
418 1806 539 1835 materia
563 1816 615 1845 per
639 1809 728 1835 strata
755 1805 885 1845 deposita
906 1817 924 1835 c
949 1807 1118 1836 involvitur.
1159 1806 1192 1836 ln
1213 1809 1340 1837 seclioue
1366 1811 1542 1845 transversa,
1568 1819 1653 1848 quam
1679 1819 1744 1838 cum

182 1863 244 1891 basi
263 1862 421 1902 pyramidis
440 1863 606 1902 parallelam
626 1873 715 1902 prope
728 1863 854 1892 radicem
874 1864 997 1899 institui,
1017 1868 1106 1893 strata
1127 1865 1202 1893 circa
1223 1865 1322 1894 decem
1336 1876 1354 1894 c
1375 1867 1531 1902 numeravi,
1553 1876 1676 1904 quorum
1688 1867 1744 1906 pri-

182 1930 262 1949 mum
282 1921 392 1959 apicem
413 1920 504 1959 plicae
525 1920 642 1960 implet,
666 1920 824 1949 secundum
848 1924 959 1959 partem
979 1922 1144 1950 inferiorem
1170 1925 1199 1950 et
1224 1923 1265 1951 sic
1286 1932 1379 1960 porro.
1419 1922 1514 1951 Simul
1533 1933 1567 1952 ac
1586 1923 1661 1962 plica
1684 1923 1744 1952 fere

182 1977 302 2016 impleta
323 1982 377 2011 est,
397 1980 487 2006 strata
508 1979 643 2007 continua
663 1981 857 2017 praetereunt,
877 1981 908 2007 et
928 1979 991 2007 sinu
1011 1979 1087 2007 facto
1102 1979 1214 2007 aditum
1229 1979 1264 2008 ad
1282 1979 1370 2018 plicas
1388 1980 1553 2019 inspiciunt.
1587 1979 1744 2019 Nunquam

183 2034 214 2063 in
234 2034 377 2063 lamellam
399 2034 477 2063 illam
500 2034 593 2064 albam
612 2046 631 2064 ν
651 2038 801 2064 transeunt
821 2039 870 2064 aut
891 2045 955 2064 cum
976 2045 1009 2064 ea
1030 2035 1251 2065 confunduntur.
1282 2035 1360 2065 Haec
1381 2040 1471 2065 strata
1491 2038 1521 2065 in
1542 2040 1675 2066 truncum
1695 2037 1742 2066 ad-

183 2091 323 2120 scendunt
343 2095 373 2121 ct
394 2093 505 2131 apicem
525 2092 683 2131 pyramidis
703 2092 787 2131 longe
809 2092 962 2128 excedunt,
982 2094 1032 2131 qui
1053 2093 1203 2122 dimidiam
1223 2094 1317 2122 trunci
1337 2094 1521 2123 altitudinem
1541 2104 1599 2123 non
1620 2096 1743 2134 assequi-

183 2151 247 2183 tur3
267 2148 403 2178 interiora
424 2149 453 2178 in
474 2150 585 2188 apicem
605 2149 763 2188 pyramidis
784 2150 929 2186 incidunt,
955 2151 1099 2179 exteriora
1125 2150 1161 2179 ad
1186 2150 1267 2179 basin
1287 2161 1378 2190 usque
1399 2151 1584 2180 descendunt.
1624 2151 1682 2180 Res
1703 2155 1743 2180 at-

183 2206 322 2234 tentionis
343 2206 428 2244 digna
449 2210 508 2243 est,
533 2206 610 2245 quod
632 2210 720 2235 strata
741 2207 878 2246 pleraque
898 2207 1079 2246 pyramidem
1098 2218 1156 2236 non
1181 2208 1374 2244 circumdant,
1398 2212 1429 2238 et
1449 2210 1573 2237 carinam
1594 2210 1702 2245 trunci,
1727 2219 1742 2238 a

182 2273 272 2291 muse.
293 2263 494 2302 linguaeformi
515 2273 652 2301 aversam,
673 2275 731 2293 non
752 2265 907 2303 attingunt.
945 2264 1091 2301 Quoniam
1109 2275 1183 2304 apex
1202 2265 1359 2304 pyramidis
1379 2266 1495 2305 insuper
1514 2266 1669 2294 reclinatus
1689 2269 1741 2300 est,

182 2323 248 2358 post
269 2330 334 2349 eum
355 2330 377 2349 a
397 2321 449 2349 vix
470 2331 558 2350 unum
579 2321 738 2350 alterumve
759 2324 880 2350 stratum
902 2332 1010 2351 cernes.
1050 2320 1114 2350 Hoc
1133 2323 1226 2361 primo
1248 2323 1355 2351 intuitu
1378 2322 1457 2361 byssi
1476 2323 1581 2362 integri
1601 2326 1632 2352 et
1650 2324 1680 2352 in
1701 2333 1741 2352 se-

182 2377 279 2406 ctione
299 2377 528 2416 perpendiculari
548 2388 599 2418 per
619 2379 727 2407 carinas
748 2380 842 2408 trunci
863 2379 996 2408 instituta
1010 2378 1171 2408 luculenter
1186 2383 1311 2419 apparet.
1352 2380 1484 2419 Pyramis
1504 2380 1582 2409 intus
1603 2383 1742 2409 excavata

182 2437 235 2470 est,
255 2434 324 2473 quia
344 2435 442 2464 stratis
461 2438 574 2464 tantum
594 2436 764 2472 involvitur;
785 2435 871 2474 bysso
892 2437 982 2476 igitur
1002 2440 1099 2476 erepta
1120 2446 1135 2466 a
1154 2436 1214 2465 basi
1235 2437 1337 2476 inspici
1357 2441 1463 2476 potest.
1502 2436 1631 2476 Super-ne
1653 2440 1741 2466 strata
