1989 2630
1024 89 1068 125 16

256 190 337 223 sunt,
362 187 400 216 ad
425 186 504 225 quod
529 189 624 215 terrae
649 184 880 221 diversissimae,
906 194 980 224 quae
1007 184 1127 213 ditionis
1152 183 1283 214 Danicae
1307 187 1391 222 sunt,
1417 186 1576 216 contulere.
1617 185 1763 227 Imprimis
1786 187 1835 217 hie

255 245 373 274 nomina
392 219 798 295 vi!9}uffi¹34{tilgl¹efrim⁰rum
818 241 937 282 profess.
958 240 1117 277 Reinhard,
1138 241 1293 271 Eschricht
1314 245 1345 272 et
1364 241 1418 272 Dr.
1439 242 1521 272 Beck
1541 246 1572 273 et
1591 247 1711 283 propter
1730 245 1835 274 merita

257 301 293 331 de
314 295 535 330 collectionibus
555 289 652 330 ‘f'erum
673 299 849 329 na'turalium
870 302 901 328 et
920 301 1040 339 propter
1059 299 1201 337 insignem
1222 298 1432 329 humanitatem
1454 300 1566 329 laudari
1588 300 1684 330 liceat.
1723 300 1836 331 Haunia

257 359 460 388 excursionem
476 357 511 387 ad
529 357 629 387 littora
643 356 825 393 Seelaudiae,
845 355 980 386 Sueciam
1002 356 1172 395 spectantia,
1192 356 1383 392 instituimus,
1403 357 1454 386 ubi
1469 356 1690 387 celeberrimum
1704 357 1836 398 Lingbye

257 416 375 445 novisse
396 415 534 454 contigit,
555 415 636 454 cujus
659 415 718 454 jam
747 417 815 443 ante
835 414 987 452 scientiam
1007 413 1184 442 admirantes
1210 423 1286 442 nuuc
1307 413 1397 443 etiam
1416 413 1644 452 humanitatem,
1664 415 1836 445 modestiam

257 476 287 503 et
306 467 540 512 hospitalitatem
558 471 746 509 celebramus.

335 529 458 559 Ineunte
478 529 575 559 hieme
595 529 663 558 anni
685 526 762 558 1832
776 527 946 558 Berolinum
962 537 1014 557 nos
1034 527 1222 563 contulimus.
1242 528 1373 557 virorum
1394 528 1619 558 clarissimorum
1639 529 1714 559 sama
1729 530 1836 565 vocati,

258 591 288 617 ct
309 588 378 627 quia
404 586 534 616 officium
559 587 687 616 militare
712 585 922 615 absolvendum
948 589 1018 615 erat.
1060 584 1154 624 Igitur
1178 595 1248 615 vere
1269 586 1337 614 anni
1364 584 1439 615 1833
1461 586 1492 614 in
1512 584 1632 615 cohorte
1654 587 1837 626 praetoriana

259 645 378 674 loricata
399 643 512 680 (Garde
534 643 574 673 du
594 643 702 683 Coi-ps)
724 653 828 672 munus
849 642 977 682 chirurgi
998 642 1071 672 mihi
1092 643 1193 672 datum
1213 645 1268 679 est,
1292 652 1351 681 quo
1371 652 1423 682 per
1443 652 1550 672 annum
1570 642 1686 672 functus
1705 654 1777 673 sum.
1799 659 1836 665 —

259 701 509 731 praelectionibus
530 704 561 730 et
580 700 842 731 exercitationibus
863 700 975 729 clinicis
995 700 1124 729 virorum
1145 699 1422 730 illustrissimorum:
1453 699 1542 735 Rust,
1568 700 1604 729 de
1625 699 1744 736 Graesc,
1770 701 1837 730 Bar-

258 759 324 796 tcls,
345 758 452 794 Busch,
472 758 499 788 J.
513 758 628 794 Mtsster,
642 757 745 795 Wolff,
759 757 910 794 'si-iistedt,
923 757 1026 794 Bar-ez,
1040 757 1179 797 Wagner,
1201 756 1360 793 Schlemm,
1381 757 1507 793 Heckcr,
1526 756 1691 797 Juengken,
1711 756 1838 787 Diell'eu-

259 815 344 851 bach,
365 814 490 852 Iseusee,
510 819 541 846 et
561 826 599 845 ex
614 815 863 855 Philosophorum
883 814 999 845 ordine:
1030 813 1244 849 Lichtenstein,
1264 813 1374 851 Kunth,
1396 814 1573 854 Wiegmann
1593 814 1723 850 interfui,
1743 818 1774 844 et
1793 814 1839 844 his

260 872 407 910 omnibus,
433 874 508 903 sicut
534 873 607 909 illis,
632 873 683 913 qui
708 872 903 911 Bruusvigae‚
932 872 1093 911 Gottingae
1119 875 1149 901 et
1174 871 1270 901 Kiliae
1296 872 1407 911 aliquid
1432 871 1468 901 ad
1494 871 1686 902 erudiendum
1712 872 1841 901 animum

259 931 425 968 contulere,
445 932 567 970 gratiam
588 931 747 961 maximam
767 929 872 966 habeo,
891 933 922 960 et
943 933 975 959 ut
997 929 1154 969 aliquando
1175 928 1283 959 referre
1303 930 1412 969 possim
1434 932 1504 969 opto
1525 932 1554 959 et
1575 940 1686 969 precor.

735 1139 940 1176 Theses
975 1138 1362 1176 defendendae.

263 1226 299 1264 1)
340 1225 457 1256 Divisio
478 1226 718 1256 exanthematum
743 1225 902 1256 secundum
925 1226 1048 1256 formam
1069 1228 1221 1256 externam
1241 1225 1400 1255 artificialis
1422 1228 1480 1262 cst,
1507 1235 1601 1264 neque
1628 1229 1749 1256 naturae
1776 1235 1842 1255 con-

339 1287 485 1313 seutauea.

261 1342 296 1376 2)
338 1340 464 1371 Nomina
484 1340 625 1376 febrium,
650 1351 721 1380 quas
748 1340 871 1370 dicimus
891 1341 1066 1377 cardinales,
1091 1340 1165 1370 nihil
1190 1341 1246 1369 nisi
1273 1343 1382 1369 statum
1403 1339 1454 1369 vis'
1468 1340 1567 1369 vitalis
1587 1339 1766 1380 significant,
1792 1340 1843 1379 qui

339 1402 387 1428 est
408 1399 438 1428 iu
458 1398 553 1435 febre,
574 1399 664 1438 igitur
683 1401 751 1428 sunt
771 1408 877 1437 genera
897 1398 1036 1435 febrium,
1056 1408 1115 1427 nou
1135 1399 1254 1438 species.

261 1455 301 1492 3>
343 1455 447 1486 Omnis
458 1456 590 1495 corporis
603 1456 730 1495 partium
744 1455 941 1495 degeneratio,
956 1464 1030 1494 quae
1045 1465 1061 1485 a
1075 1465 1160 1484 causa
1179 1458 1301 1484 externa
1320 1464 1377 1484 non
1398 1455 1501 1490 oritur,
1522 1454 1774 1484 constitutionaria
1789 1457 1843 1484 est.

259 1514 297 1551 4)
338 1512 555 1552 Hypertrophia
575 1513 671 1542 cordis
691 1516 767 1542 auct.
789 1523 848 1542 uon
867 1516 912 1542 est
933 1512 1063 1549 morbuS‚
1084 1512 1136 1542 sed
1156 1513 1266 1542 reactio
1286 1512 1421 1542 salutaris
1442 1515 1545 1541 contra
1564 1511 1706 1542 morbum.

262 1570 297 1607 5)
338 1570 372 1599 Iu
397 1570 560 1610 neuralgia,
590 1570 738 1610 pressione
764 1570 795 1600 in
820 1580 911 1600 nervo
937 1569 1085 1606 adhibita,
1114 1571 1269 1610 prognosci
1294 1569 1466 1610 plerumque
1492 1572 1605 1609 potest,
1635 1573 1732 1599 utrum
1761 1569 1844 1599 nervi

341 1627 479 1657 dissectio
499 1626 673 1667 expeditum
694 1627 733 1656 sit
754 1637 808 1657 nec
827 1637 874 1657 ne.

261 1685 298 1722 6)
343 1684 451 1714 Tabaci
471 1685 674 1714 sternutatorii
695 1695 763 1714 usus
784 1685 905 1714 olfactui
925 1685 1061 1724 prodest,
1080 1687 1111 1714 et
1132 1685 1254 1714 sensorii
1276 1694 1361 1725 saepe
1381 1685 1603 1714 incitamentum
1623 1684 1745 1714 salubre.

261 1742 298 1779 7)
340 1741 484 1771 Voluntas
505 1741 595 1771 libera
615 1752 673 1771 non
694 1747 747 1771 est.

261 1798 298 1834 8)
338 1798 399 1829 Mas
420 1803 450 1828 et
471 1796 587 1835 semina,
607 1799 684 1828 sicut
704 1799 794 1829 biblia
815 1809 895 1829 sacra
915 1803 1059 1836 statuunt,
1079 1809 1169 1829 unum
1189 1800 1380 1829 constituunt.
1402 1814 1440 1820 —
1460 1799 1563 1839 Itaque
1583 1809 1665 1829 amor
1685 1799 1721 1829 ad
1741 1808 1843 1829 sexum

341 1856 507 1896 sequiorem
527 1856 572 1885 sui
593 1859 638 1886 est
658 1866 747 1886 amor.
770 1872 807 1878 —
827 1856 905 1896 Ergo
927 1858 978 1896 qui
999 1858 1126 1887 maxime
1146 1857 1282 1886 mulieres
1304 1860 1403 1886 amant
1423 1859 1490 1886 suut
1511 1857 1649 1896 egoistae.

262 1913 298 1951 9)
340 1912 372 1942 lu
394 1913 599 1953 acephalorum
620 1913 843 1943 classificatione
864 1913 945 1953 byssi
967 1915 1132 1954 praesentia
1152 1924 1205 1955 pro
1226 1914 1391 1944 charactere
1413 1914 1531 1954 majoris
1551 1914 1692 1945 momenti
1713 1913 1843 1944 habenda

341 1974 401 2004 est,
422 1980 508 2010 quam
530 1970 652 2011 pallium
671 1970 770 2001 fissum
792 1974 842 2001 aut
863 1972 1019 2012 integrum.
