1989 2630
764 308 855 365 Ii.
900 307 978 366 S.
1018 308 1116 366 P.

165 445 350 499 Novissime
375 478 441 498 cum
467 468 502 497 de
528 468 592 498 loco
618 468 804 507 systematico
830 467 927 506 mytili
950 467 1134 507 polymorphi
1155 466 1227 496 Pall.
1254 466 1463 507 disputaretur,
1488 471 1640 498 anatomen
1667 470 1727 509 ejus

121 553 125 556 .
163 527 337 566 investigavi
358 529 389 555 et
409 525 642 555 observationum
663 528 775 565 partem
796 524 844 554 hic
863 524 971 564 publici
986 525 1056 564 juris
1077 525 1151 553 facio
1171 525 1205 562 ⁸).
1240 524 1315 554 Nam
1328 527 1455 554 animum
1475 525 1511 554 ad
1532 525 1650 564 byssum
1671 528 1729 556 ani-

163 584 245 613 malis
265 584 448 623 potissimum
468 583 592 619 adverti,
612 583 693 621 cujus
715 582 749 611 de
771 582 876 610 fabrica
896 585 927 611 et
947 581 1044 610 indole
1065 581 1139 610 nihil
1159 582 1233 611 certi
1253 585 1282 611 ct
1304 583 1437 612 concinni
1456 583 1619 612 litteratura
1633 593 1729 613 recen-

162 642 220 670 tior
241 641 335 670 offert.
378 640 438 669 Alii
463 639 582 679 byssum
606 640 731 679 pilorum
753 639 840 667 modo
861 648 988 668 crescere
1009 641 1175 676 autumant,
1205 639 1255 667 alii
1280 639 1366 668 fibras
1390 639 1539 669 tendineas
1560 650 1621 669 esse
1642 642 1729 680 suspi-

163 701 279 734 cantur,
304 708 355 737 pro
376 700 487 727 secreto
509 696 660 736 glandulae
682 697 799 735 ignotae
820 696 870 725 alii
890 695 1008 724 habent.
1049 694 1158 734 Insigni
1183 697 1320 725 comitate
1346 700 1376 725 et
1401 696 1576 726 liberalitate
1602 698 1731 727 virorum

163 755 425 784 illustrissimorum
446 753 655 790 Lichtenstein,
672 752 700 782 J.
713 752 825 782 Miiller
845 756 875 782 et
889 753 1064 792 VViegmann
1084 752 1202 791 byssum
1223 753 1380 782 multorum
1400 753 1559 783 bivalvium
1579 754 1731 785 observare

163 811 237 840 mihi
257 812 394 851 contigit2
419 814 449 840 et
469 810 569 840 multis
590 812 666 840 inter
686 820 716 839 se
736 811 923 850 comparatis,
950 819 1022 848 quae
1044 810 1207 839 essentialia
1228 811 1286 839 sint
1306 814 1336 839 et
1362 820 1435 850 quae
1460 811 1594 847 fortuita,
1622 813 1731 851 optime

164 868 310 898 elucescit.
349 868 433 897 Varii
452 871 519 897 sunt
539 867 657 904 modus,
683 866 787 906 quibus
813 867 949 906 acephala
975 866 1143 905 corporibus
1168 868 1296 896 externis
1323 867 1491 907 affiguntur5
1516 869 1607 897 multa
1633 878 1732 898 eorum

163 926 285 955 materia
305 925 432 954 calcarea
452 928 598 962 tenentur,
621 934 695 964 quae
715 926 746 953 in
763 924 908 953 nonnullis
931 924 1076 960 (anomia)
1097 923 1132 952 ab
1153 924 1216 962 ipso
1238 924 1354 953 animali
1374 926 1546 961 secernitur-3
1567 925 1622 954 alia
1643 925 1733 965 byssi-

163 992 231 1011 nam
251 981 307 1011 sibi
328 982 498 1022 compedem
518 983 685 1021 imponunt,
711 991 797 1020 quam
821 982 934 1010 solvere
955 982 1016 1020 ipsa
1036 990 1095 1010 non
1115 981 1223 1011 valent.
1245 997 1281 1002 -—
1308 980 1434 1020 Byssum
1455 983 1545 1021 igitur
1566 981 1600 1011 ab
1622 983 1679 1011 illis
1700 987 1733 1011 ut

166 1039 374 1079 distinguerem
394 1041 436 1068 ita
458 1038 592 1071 definivit

243 1097 363 1135 Byssus
383 1099 429 1126 est
453 1096 574 1125 materia
595 1096 807 1135 organisatione
827 1095 983 1132 destituta,
1006 1105 1022 1124 e
1049 1095 1184 1135 glandula
1209 1098 1330 1131 secreta,
1353 1106 1410 1135 qua
1430 1096 1557 1125 bivalvia
1577 1097 1734 1136 compluria

165 1153 333 1193 corporibus
353 1154 483 1184 externis
502 1163 565 1182 sese
586 1153 723 1193 affigunt,
744 1157 774 1182 et
795 1162 868 1192 quae
888 1155 1000 1182 secreto
1020 1152 1078 1182 alio
1098 1153 1271 1192 interposito
1293 1162 1359 1184 cum
1378 1153 1509 1182 animalis
1530 1163 1649 1193 corpore
1670 1164 1735 1183 con-

165 1212 304 1251 jungitur.

244 1266 387 1305 Primum,
407 1278 443 1297 ne
465 1266 630 1297 observatio
654 1277 719 1297 cum
736 1268 895 1297 reflexione
915 1266 1119 1304 confundatur,
1141 1276 1214 1306 quae
1234 1267 1358 1297 viderim
1378 1267 1510 1305 referam,
1530 1271 1593 1297 tum
1615 1268 1685 1307 quid
1700 1268 1735 1298 de

165 1326 202 1354 iis
221 1326 348 1365 cogitem
371 1324 531 1364 explicabo.

287 1417 342 1449 De
365 1421 561 1450 structura
583 1416 690 1461 byssi
713 1422 750 1449 et
772 1417 816 1448 de
840 1417 995 1460 organis
1018 1416 1234 1462 byssiparis
1259 1421 1374 1461 atque
1397 1416 1613 1461 byssiferis.

247 1497 440 1537 Tegmentum
466 1497 660 1526 musculosum
686 1496 847 1525 abdominis
872 1496 1075 1536 acephalorum
1101 1498 1182 1536 (pes,
1207 1497 1353 1526 musculus
1377 1497 1536 1535 retracter)
1561 1507 1682 1536 superne
1706 1502 1736 1527 et

169 1555 280 1584 inferne
300 1554 375 1583 binis
396 1554 591 1583 musculorum
611 1554 753 1583 fasciculis
774 1556 866 1583 testae
887 1564 916 1582 sc
937 1554 1063 1583 inserere
1084 1554 1168 1583 solet.
1203 1553 1235 1582 ln
1256 1554 1410 1593 acephalis,
1430 1564 1504 1593 quae
1525 1554 1643 1594 byssum
1660 1564 1736 1584 com-

167 1615 282 1652 parant,
307 1615 488 1651 tegmentum
507 1611 564 1640 hoc
584 1612 614 1640 in
634 1611 795 1640 musculum
814 1611 1050 1650 linguaeformem
1073 1614 1289 1647 concentratur,
1313 1614 1344 1640 et
1364 1611 1492 1640 fasciculi
1512 1612 1557 1641 illi
1577 1613 1737 1648 incrassati,

167 1669 250 1698 novis
270 1678 356 1709 saepe
376 1667 592 1705 accedentibus,
613 1667 732 1706 byssum
752 1669 911 1707 excipiunt.
953 1667 1022 1697 Basi
1043 1678 1131 1698 muse.
1154 1668 1370 1708 linguaeformis
1392 1668 1466 1698 binis
1487 1669 1631 1706 cruribus,
1652 1679 1737 1708 saepe

169 1726 314 1755 distinctis
335 1725 489 1765 (mytilus)⁷
510 1735 595 1765 saepe
616 1735 681 1754 cum
701 1725 845 1754 fasciculis
866 1735 956 1755 muse.
977 1726 1143 1755 retractoris
1164 1726 1277 1754 coalitis
1298 1726 1498 1765 (tichogonia,
1517 1727 1623 1765 pinna)
1644 1730 1737 1756 testae

169 1793 199 1812 se
221 1784 330 1812 inserit.
372 1783 484 1822 Corpus
504 1783 565 1822 ejus
587 1782 709 1812 liberum
728 1786 774 1811 est
794 1783 869 1812 sicut
889 1783 1001 1821 lingua,
1024 1786 1055 1811 et
1076 1783 1208 1822 quietum
1228 1793 1328 1812 versus
1350 1793 1380 1811 os
1401 1784 1576 1818 reflectitur,
1597 1787 1629 1812 ut
1650 1783 1736 1812 facies

170 1840 288 1869 inferior
308 1843 452 1879 appareat.
493 1839 607 1869 Nervus
634 1839 693 1869 fere
715 1850 813 1869 omnes
840 1840 947 1879 ganglii
967 1839 1105 1878 Magnili,
1132 1839 1184 1869 sub
1205 1840 1301 1869 radice
1327 1840 1389 1879 ejus
1409 1841 1474 1876 siti,
1500 1841 1617 1879 accipin
1639 1841 1736 1879 itaque

169 1897 315 1926 musculus
335 1898 390 1926 iste
411 1898 486 1926 sicut
506 1896 653 1936 proboscis
674 1897 821 1936 elephanti
847 1896 1010 1926 mobilitate
1036 1898 1156 1936 insignis
1181 1901 1234 1927 est.
1274 1897 1350 1926 Nam
1375 1907 1433 1926 non
1457 1897 1550 1925 solum
1571 1898 1600 1925 in
1622 1907 1737 1926 omnem

170 1954 360 1984 directionem
381 1955 472 1991 verti,
492 1954 544 1983 sed
564 1955 651 1983 etiam
672 1954 837 1993 longissime
859 1954 978 1983 extendi
999 1957 1029 1983 et
1050 1954 1182 1983 contrahi
1202 1957 1313 1993 potest,
1334 1956 1422 1983 immo
1443 1954 1504 1993 ejus
1524 1955 1651 1984 radicem
1672 1965 1735 1984 cum

171 2013 232 2051 ipsa
252 2011 339 2051 bysso
361 2012 390 2040 in
411 2011 578 2051 tichogonia
598 2022 615 2041 e
635 2015 711 2041 testa
731 2015 894 2051 porrectam
914 2011 985 2040 vidi.
1007 2027 1043 2032 -—
1064 2011 1168 2040 Cetera
1189 2011 1242 2041 sub
1263 2012 1358 2051 specie
1378 2021 1494 2051 quaque
1514 2011 1665 2051 proferam.

666 2086 703 2115 A.
738 2085 871 2124 Byssus
895 2086 1031 2115 cortice
1049 2086 1195 2125 byssino
1216 2090 1252 2115 et

787 2153 810 2171 a.
829 2141 967 2170 filamentis
984 2143 1118 2171 instructa.

249 2197 276 2226 1.
308 2196 338 2225 T
335 2196 523 2236 ichogom'ae
545 2197 731 2226 Chemm'tzz'i
763 2196 875 2226 Rossm.

249 2252 343 2283 Musc.
362 2254 576 2293 linguaeformis
596 2255 858 2284 locomotivitatem
879 2254 1010 2293 quamvis
1031 2254 1183 2283 molestam
1203 2253 1321 2283 animali
1340 2254 1467 2294 praebet.
1495 2253 1565 2283 Vidi
1579 2255 1655 2283 enim
1675 2255 1738 2293 plu-

171 2311 244 2347 ries,
268 2321 335 2340 cnm
358 2310 477 2350 byssum
501 2311 684 2351 religassem‚
710 2311 907 2351 tichogoniam
932 2311 1065 2340 musculo
1091 2311 1158 2340 hnic
1178 2311 1393 2341 incumbentem
1414 2312 1444 2341 in
1463 2312 1573 2341 socium
1593 2311 1648 2341 sibi
1669 2311 1737 2340 vici-

242 2438 266 2471 ')
284 2437 379 2465 Fusius
397 2448 452 2466 rem
470 2440 577 2466 tractavi
595 2439 633 2466 in:
651 2437 830 2475 Wiegmann’s
849 2437 946 2465 Archiv
962 2437 1005 2465 fiir
1022 2437 1253 2474 Naturgeschichte
1271 2443 1321 2468 etc.
