1989 2630
967 83 1012 118 14

199 188 247 208 cos
267 178 364 218 plures
385 179 512 208 minores
533 177 668 213 discedit,
691 178 741 216 qui
763 177 839 206 sicut
858 181 924 217 pars
945 177 1077 217 superior
1097 177 1275 217 marginibus
1296 179 1505 218 approximatis
1526 180 1776 210 canalem‘verum

197 236 322 265 formare
343 238 464 274 queunt.
504 234 537 264 In
564 234 611 264 his
636 234 738 274 gluten
762 233 912 274 byssinum
933 234 1032 274 (quod
1058 235 1155 264 forsan
1175 236 1295 272 taeniis,
1320 236 1415 265 sulcos
1440 236 1566 266 minores
1592 237 1777 276 stipantibus,

197 294 302 333 partim
323 293 499 328 secernitur)
524 292 554 320 in
581 291 624 321 fili
650 292 773 322 sormam
799 292 929 331 cogitur,
953 291 1136 328 excluditur,
1161 295 1192 321 et
1217 296 1329 322 secreto
1354 293 1419 323 cavi
1445 293 1543 332 byssit.
1566 294 1775 330 circumdatur-3

199 351 321 390 quisque
341 350 431 389 igitur
450 350 515 379 cavi
535 348 623 388 byssf.
645 359 774 379 recessus
795 348 956 379 radiculam
975 348 1118 388 singulam
1140 349 1254 389 accipit.

275 406 428 436 Secretum
453 407 517 436 cavi
544 407 574 436 in
599 407 688 446 pinna
713 417 771 437 non
796 407 838 436 ita
863 406 983 446 quidem
1008 406 1113 436 durum
1138 409 1198 443 est,
1229 409 1262 436 ut
1286 406 1368 437 filum
1395 405 1539 438 incolume
1564 408 1652 438 evelli
1679 412 1775 447 queat.

198 464 355 504 Propterea
375 463 424 494 fila
444 474 502 494 non
523 463 770 503 conglutinantur,
785 473 838 493 nec
858 464 888 493 in
905 464 1027 493 formam
1047 465 1143 493 trunci
1163 463 1343 504 rediguntur,
1364 474 1458 503 neque
1471 468 1584 495 secreto
1600 466 1665 495 cavi
1686 465 1775 503 byssf.

198 521 305 552 sensim
325 525 411 551 aucto
432 520 642 561 provehuntur,
662 521 714 551 sed
734 521 792 551 filis
811 522 896 551 novis
916 531 933 551 a
954 521 1044 551 latere
1064 523 1094 551 in
1115 532 1174 561 quo
1194 521 1291 551 sulcus
1312 524 1373 557 est,
1393 521 1607 558 accedentibus,
1631 523 1776 552 veteriora

198 580 229 608 in
255 579 331 608 latus
357 580 523 619 oppositum
548 579 752 618 reprimuntur.
799 578 879 609 Haec
909 578 1043 608 breviora
1067 582 1136 608 sunt
1165 581 1196 608 et
1232 579 1348 619 dirupta
1375 589 1413 608 ex
1444 588 1543 615 causa,
1574 589 1661 618 quam
1690 590 1775 619 supra

199 638 238 676 (p.
255 635 300 665 13.
319 646 346 665 u.
357 636 397 673 4.)
411 637 542 676 exposui.
575 635 664 674 Quod
677 637 702 665 si
716 637 746 666 in
760 637 847 676 pinna
862 637 927 666 cavi
941 635 1030 676 byssf.
1046 639 1191 666 secretum
1206 635 1305 666 durius
1319 640 1407 671 esset,
1420 640 1540 666 truncus
1554 638 1695 666 existeret
1709 647 1776 675 qua-

199 697 267 723 tuor
286 693 416 723 lamellas
435 703 553 733 magnas
573 694 739 730 continens,
760 703 882 733 quarum
902 694 933 723 in
954 693 1129 733 meleagriua
1150 693 1292 732 plurimae
1313 697 1391 730 sunt,
1413 697 1444 723 et
1466 695 1494 723 in
1516 703 1588 733 quas
1609 695 1776 724 innumerae

197 750 344 780 radiculae
365 750 539 780 discurrunt.

277 808 377 848 Typus
397 808 540 838 secundae
560 808 659 838 classis
684 818 700 838 a
726 809 819 848 prima
846 810 888 838 ita
913 809 1040 838 derivari
1062 811 1174 848 potest:
1200 808 1293 848 plicae
1314 809 1343 837 in
1365 818 1444 845 arca,
1470 812 1582 838 secreto
1603 809 1666 837 cavi
1688 808 1777 847 byssf.

199 866 348 895 confectae
368 869 400 895 et
425 866 546 895 materia
571 865 687 906 byssina
713 866 865 906 impletae,
891 865 1013 895 lamellis
1040 865 1177 905 analogae
1202 869 1279 895 suut.
1321 865 1354 895 Si
1375 866 1465 905 igitur
1491 865 1581 905 figura
1602 865 1656 894 Xl.
1684 866 1777 894 incur-

199 925 300 959 vatur,
321 926 354 952 ut
374 923 481 953 lamina
500 923 634 953 radicalis
655 924 768 953 interna
789 923 842 953 fiat
866 923 960 961 (sicut
980 933 1081 952 revera
1102 924 1178 960 est),
1204 926 1309 963 typum
1335 924 1445 963 primae
1471 923 1584 958 classis,
1609 924 1653 952 sin
1680 926 1776 951 autem

200 983 379 1018 recurvatur,
399 985 432 1011 ut
452 981 573 1011 materia
593 980 712 1021 byssina
731 981 912 1017 includatur,
932 979 1075 1010 secundae
1095 980 1194 1010 classis
1215 980 1311 1010 refert.
