1989 2630
604 308 778 344 Vitae
834 295 1243 344 θυι-νίςυίυιη.ο

121 418 290 478 ⁴Augustus
310 435 430 471 Mulier,
451 434 477 464 J.
493 434 529 464 A.
553 433 581 463 F.
602 434 738 470 muller-i,
758 433 964 473 jurisconsulti,
981 432 1072 469 filius,
1093 437 1176 463 natus
1196 432 1489 481 Neuhaldenslebensi
1511 444 1585 481 apno
1609 434 1692 463 1810.

120 495 174 525 Est
194 494 266 524 mihi
288 493 384 527 frater,
404 491 584 529 Theodorus,
606 495 677 520 natu
698 491 799 530 major,
821 500 945 529 quocum
967 491 1008 519 ita
1028 501 1141 531 semper
1161 491 1332 531 conjunctus
1352 491 1404 528 fui,
1426 494 1458 520 ut
1478 492 1502 520 si
1524 493 1588 531 quis
1610 493 1694 520 unius

120 553 225 591 legerit
251 551 328 579 vitae
355 549 543 585 curriculum,
569 549 719 587 utriusque
746 547 860 576 habeat.
902 545 1003 577 Prima
1028 547 1244 587 disciplinarum
1264 548 1428 577 rudimenta
1450 549 1478 578 in
1500 549 1598 578 schola
1618 548 1694 577 Neu·

120 606 352 638 haldenslebensi
373 606 487 646 publica
510 606 608 635 edocti
629 606 726 645 (patre
752 604 923 643 adjuvante,
950 605 1017 643 qui,
1042 608 1183 643 quantum
1207 606 1347 645 temporis
1373 605 1494 635 vacabat
1519 605 1555 635 ab
1581 605 1694 640 officiis,

119 668 235 695 nostrae
255 663 441 704 impendebat
461 663 557 699 curae)
578 663 609 691 in
630 662 720 691 classe
741 662 827 691 tertia
849 662 992 701 gymnasii
1013 661 1114 691 beatae
1136 661 1266 701 Virginis
1281 662 1497 702 Magdeburgici
1518 663 1628 702 recepti
1649 672 1693 691 su-

118 733 192 752 mus.
234 721 300 760 Qua
321 722 350 750 in
371 720 471 750 schola
491 719 639 749 biennium
661 719 807 758 degimus3
828 722 890 747 tum
910 717 1103 758 Brunsvigam
1124 719 1159 748 ad
1181 719 1346 759 Collegium
1367 720 1535 749 Carolinum
1555 730 1608 749 nos
1629 730 1694 748 con-

120 780 247 809 tulimus.
289 778 365 807 Nam
386 787 401 806 a
422 778 513 816 prima
534 777 659 816 pueritia
680 776 809 805 studium
829 779 949 805 naturae
971 777 1000 805 in
1021 775 1104 805 nobis
1125 776 1297 816 praevaluit.
1338 777 1461 806 Animus
1482 777 1601 818 puerilis
1627 787 1693 806 con-

119 837 237 866 charum
257 839 345 875 atque
365 834 493 874 lapidum
514 833 628 869 formis,
654 843 776 862 ovorum
802 836 833 862 et
859 833 961 862 florum
988 832 1133 862 coloribus
1155 834 1243 863 variis
1265 834 1412 864 delectari.
1453 834 1620 864 Formarum
1646 834 1693 862 ad-

118 894 302 923 mirationem
322 891 514 930 perscrutatio
535 894 634 920 secuta
654 893 707 919 est.
749 890 824 919 Huic
850 893 949 919 nostro
975 890 1071 919 ardori
1096 891 1126 919 in
1148 890 1200 920 illo
1226 892 1376 930 gymnasio
1402 902 1460 920 non
1486 891 1619 920 satisfieri
1647 902 1693 930 ap-

118 952 222 991 paruit.
268 949 301 979 ln
327 949 460 988 Collegio
487 951 586 977 autem
611 947 767 983 Carolino‚
794 947 843 976 ubi
869 947 993 986 quisque
1019 957 1065 977 res
1090 957 1155 977 suas
1181 958 1233 977 suo
1259 949 1407 988 componit
1433 950 1567 988 augurio,
1598 958 1692 987 neque

118 1008 270 1047 disciplina
291 1006 350 1036 ulla
371 1005 605 1045 praedominatur
625 1004 704 1040 aliis,
729 1008 845 1044 praeter
864 1004 994 1033 studium
1013 1004 1192 1044 linguarum,
1217 1003 1352 1042 Latinae,
1378 1006 1528 1045 Anglicae,
1555 1005 1692 1037 Gallicae,

117 1068 205 1103 atque
226 1064 400 1098 matheseos,
419 1063 542 1092 historia
562 1062 688 1091 naturali
708 1063 841 1101 occupati
863 1072 969 1091 sumus,
1011 1061 1153 1100 Chymiae
1174 1065 1204 1090 et
1225 1062 1362 1102 physicae
1388 1063 1517 1100 (Marx),
1542 1062 1691 1091 botanicae

118 1121 313 1158 (Lachmann)
340 1130 394 1149 nec
418 1130 477 1149 non
502 1119 631 1159 corporis
658 1118 916 1148 exercitationibus
941 1120 1130 1158 gymnasticis
1156 1119 1233 1148 ultra
1254 1119 1402 1149 biennium
1424 1130 1535 1149 sumnia
1559 1130 1624 1148 cum
1646 1120 1692 1148 de-

117 1179 273 1208 lectatione
294 1177 485 1207 incubuimus.
520 1176 593 1205 Heic
612 1175 768 1216 professori
789 1176 949 1205 clarissimo
963 1174 1016 1205 Dr.
1031 1175 1209 1215 Wiegmann
1230 1177 1356 1216 (majori)
1378 1178 1483 1216 gratias
1503 1188 1586 1216 agere
1608 1180 1691 1216 urget

117 1237 242 1271 animus,
268 1236 319 1274 qui
344 1244 410 1263 cum
435 1234 498 1263 aliis
524 1237 587 1262 tum
612 1232 696 1262 nobis
722 1236 752 1262 et
778 1236 893 1273 tempus
919 1236 950 1261 et
971 1243 1069 1262 curam
1094 1233 1124 1262 in
1145 1233 1274 1263 docenda
1300 1233 1432 1263 botanice
1453 1238 1484 1263 et
1504 1234 1691 1273 mineralogia

117 1294 193 1322 ultro
215 1296 245 1322 et
265 1292 424 1321 liberaliter
445 1290 620 1330 impenderit
655 1293 685 1319 et
711 1289 944 1320 benevolentiam
965 1300 1033 1329 erga
1058 1300 1110 1319 nos
1136 1292 1166 1320 in
1191 1290 1300 1327 filium,
1326 1292 1476 1331 zoologiae
1501 1291 1690 1331 professorem

116 1350 348 1385 Berolinensem,
368 1348 415 1377 cui
435 1358 493 1377 non
514 1348 610 1376 minus
631 1346 763 1376 obstricti
784 1357 896 1384 sumus,
917 1347 1107 1377 transtulerit.

194 1407 265 1436 Post
285 1406 357 1435 haec
382 1406 438 1434 iter
464 1405 640 1443 suscepimus
662 1404 697 1433 ad
719 1414 797 1433 mare
818 1404 1037 1441 Germanicum,
1062 1406 1233 1444 praesertim
1253 1405 1288 1434 ad
1311 1406 1433 1442 insulas,
1460 1416 1532 1445 quae
1559 1416 1575 1435 a
1596 1404 1689 1435 Dania

117 1465 296 1494 occidentem
311 1472 411 1492 versus
426 1462 498 1490 sitae
512 1465 588 1491 sunt.
622 1461 767 1498 Vidimus,
789 1461 1015 1498 observavimus,
1036 1462 1320 1502 legimus—plantas,
1336 1473 1459 1498 vermes,
1479 1464 1585 1503 pisces3
1607 1473 1690 1492 vena-

117 1523 210 1551 vimns
224 1531 291 1550 aves
307 1529 462 1558 earumque
477 1519 567 1558 pelles
585 1522 614 1548 et
634 1519 741 1548 sceleta
763 1522 901 1558 tanquam
923 1519 1015 1559 spolia
1029 1521 1249 1559 reportavimus.
1284 1519 1415 1556 Longum
1430 1524 1473 1549 est
1488 1521 1568 1560 plura
1583 1521 1689 1550 referre

116 1580 151 1608 de
173 1579 337 1619 gratissimo
358 1580 446 1615 atquc
469 1576 613 1605 uberrimo
635 1577 754 1611 itinere,
781 1576 816 1605 de
837 1576 1019 1606 humanitate
1045 1577 1257 1616 praefectorum
1282 1580 1312 1607 et
1333 1578 1554 1617 magistratuum
1576 1578 1604 1607 in
1627 1587 1689 1616 pro-

117 1637 219 1665 vinciis
239 1639 270 1665 et
290 1634 391 1664 insulis
410 1632 538 1670 Daniae,
565 1637 615 1662 aut
637 1633 853 1662 observationes
875 1637 905 1663 et
926 1633 1039 1663 labores
1059 1644 1200 1663 enarrare.
1245 1634 1312 1672 Quo
1334 1635 1364 1664 in
1385 1636 1490 1664 itincre
1511 1645 1575 1664 cuin
1597 1638 1690 1664 aestas

116 1694 174 1723 sere
196 1695 346 1722 consumta
367 1695 457 1727 esset,
476 1694 623 1730 tempore,
644 1690 722 1729 quod
743 1695 907 1730 supererat,
930 1691 966 1720 ad
990 1691 1226 1730 perscrutandam
1247 1691 1373 1721 Faunum
1394 1696 1424 1722 et
1445 1692 1558 1721 Floram
1579 1693 1689 1732 patriae

115 1749 262 1786 adhibito,
293 1752 432 1778 autumno
460 1747 536 1777 1829
565 1748 735 1787 Gottingam
762 1748 885 1787 profecti
912 1759 1024 1784 sumus,
1054 1748 1103 1777 ubi
1132 1759 1184 1788 per
1209 1759 1315 1778 annum
1346 1752 1377 1779 et
1406 1753 1544 1779 semestre
1574 1753 1689 1789 praeter

115 1807 281 1847 disciplinas
294 1806 439 1836 naturales
454 1805 626 1843 (uberrimas
641 1805 801 1834 medicinae
816 1805 986 1844 adjutrices)
1008 1805 1160 1835 botanicen
1182 1806 1346 1843 (Schrader,
1367 1807 1523 1846 Bantius),
1543 1807 1689 1845 chymiam

115 1863 321 1903 (Stromeyer)‚
342 1863 559 1902 mineralogiam
581 1862 779 1899 (Hausmann),
800 1864 975 1892 anatomiam
996 1873 1112 1902 quoque
1134 1863 1361 1903 (Langenbeck)‚
1381 1864 1593 1904 physiologiam
1608 1863 1689 1901 (Ber-

115 1921 222 1958 thola),
246 1921 453 1960 toxicologiam
474 1920 579 1956 (Marx)
601 1924 631 1949 et
652 1920 749 1949 audivi
772 1923 802 1949 et
822 1921 858 1949 iis
878 1920 985 1949 studui.
1026 1920 1182 1950 Fautorum
1203 1921 1347 1951 Schrader
1368 1925 1397 1951 et
1417 1922 1499 1951 Marx
1521 1922 1689 1951 memoriam

115 1982 197 2018 grato
218 1979 315 2007 animo
335 1979 458 2007 retineo.
500 1977 571 2006 Post
592 1977 662 2006 haec
683 1977 784 2006 morbo
806 1977 902 2006 fratris
927 1978 1094 2007 acutissimo
1120 1982 1259 2008 semestre
1284 1979 1314 2007 in
1335 1982 1454 2018 paterna
1475 1979 1561 2008 domo
1582 1979 1689 2007 retenti

115 2045 220 2065 sumus.
260 2035 382 2064 Interim
408 2038 543 2074 coeperat
569 2045 620 2063 nos
647 2034 822 2063 desiderium
848 2036 950 2071 maris,
976 2045 1033 2063 non
1055 2035 1152 2074 (quod
1172 2036 1322 2073 crederes)
1350 2040 1469 2076 propter
1490 2037 1689 2069 amoenitates,

115 2093 165 2122 sed
186 2093 253 2131 quia
274 2092 378 2121 studiis
398 2092 505 2121 nostris
527 2090 704 2120 uberrimum
726 2095 778 2120 est.
814 2091 908 2131 Igitur
928 2093 1038 2131 placuit
1059 2093 1100 2121 ire
1121 2092 1278 2129 Kiloniam‚
1301 2103 1374 2132 quae
1395 2094 1615 2122 conversatione
1637 2094 1688 2122 sre-

115 2150 304 2189 quentissima
328 2150 415 2178 terris
441 2149 715 2188 septentrionalibus
742 2159 854 2177 annexa
880 2153 939 2185 est,
971 2153 1001 2178 et
1027 2149 1077 2178 ubi
1108 2149 1226 2179 divitias
1252 2151 1338 2179 maris
1362 2149 1469 2179 Baltici
1496 2150 1689 2190 professorum

115 2207 248 2246 auspiciis
274 2210 453 2246 perscrutare
481 2208 511 2235 in
537 2207 632 2235 animo
661 2210 729 2235 erat.
772 2206 903 2235 Comiter
929 2216 944 2235 a
970 2206 1180 2246 professoribus
1202 2206 1393 2243 Kiliensibus‚
1422 2208 1544 2246 aliisque
1571 2212 1688 2236 naturae

115 2263 322 2294 scrutatoribus
348 2263 452 2302 (Boje,
478 2263 591 2300 Graba)
617 2265 732 2303 excepti
757 2273 863 2292 sumus.
904 2263 1024 2293 Praeter
1050 2267 1169 2293 naturae
1196 2265 1325 2294 studium
1352 2264 1457 2300 (Psass',
1485 2265 1688 2301 Wiedemaun,

114 2320 215 2358 Nolte)
236 2320 381 2359 chirurgia
405 2324 435 2349 et
460 2329 505 2349 ars
527 2320 695 2350 obstetricia
720 2331 766 2349 me
788 2320 954 2360 occupabat.
996 2321 1075 2351 Ante
1096 2322 1194 2350 omnia
1214 2323 1271 2351 iter
1292 2321 1433 2351 Hauniam
1455 2326 1619 2362 susceptum
1642 2322 1688 2351 hic

114 2377 313 2414 memorabile,
337 2377 423 2406 rebus
444 2387 460 2407 a
481 2380 583 2407 natura
605 2377 709 2407 oblatis
730 2388 787 2407 non
809 2379 903 2407 minus
925 2388 1011 2417 quam
1032 2379 1063 2408 in
1084 2379 1207 2408 musaeis
1228 2379 1343 2408 collatis
1364 2380 1502 2409 scientiae
1525 2383 1638 2408 nostrae
1659 2384 1689 2408 et

114 2435 308 2474 experientiae
330 2434 514 2465 seecundum.
555 2435 668 2464 Musaea
691 2445 786 2465 rerum
812 2436 986 2465 naturalium
1011 2437 1176 2465 novissimis
1204 2436 1383 2475 temporibus
1409 2447 1582 2476 magnopere
1604 2441 1686 2466 aucta
